@article{Boyarintsev:2016uex,
  author = {Boyarintsev, A. and others},
  title = {Study of radiation hardness of pure CsI crystals for Belle-II calorimeter},
  journal = {JINST},
  volume = {11},
  year = {2016},
  number = {03},
  pages = {P03013},
  doi = {10.1088/1748-0221/11/03/P03013},
  SLACcitation = {%%CITATION = JINST,11,P03013;%%},
  language = {english}
}