@COMMENT{PhysRevD.82.034033}
@article{mixing,
  title = {Charm mixing in a model-independent analysis of correlated $D^0\overline{D}{}^0$ decays},
  author = {Bondar, Alex and Poluektov, Anton and Vorobiev, Vitaly},
  journal = {Phys. Rev. D},
  volume = {82},
  issue = {3},
  pages = {034033},
  numpages = {9},
  year = {2010},
  month = {Aug},
  publisher = {American Physical Society},
  doi = {10.1103/PhysRevD.82.034033},
  url = {http://link.aps.org/doi/10.1103/PhysRevD.82.034033},
  language = {english}
}

@COMMENT{Bondar2013}
@article{bdpv_cpv,
  author = {Bondar, Alex and Dolgov, Alexander and Vorobiev, Vitaly and Poluektov, Anton},
  title = {Effect of direct CP violation in charm on $\gamma$ extraction from $B^{\pm}\to DK^{\pm}$, $D\to K_S^0\pi^+\pi^-$ Dalitz plot analysis},
  journal = {The European Physical Journal C},
  year = {2013},
  volume = {73},
  number = {6},
  pages = {1--6},
  issn = {1434-6052},
  doi = {10.1140/epjc/s10052-013-2476-9},
  url = {http://dx.doi.org/10.1140/epjc/s10052-013-2476-9},
  language = {english}
}

@COMMENT{PhysRevD.85.112014}
@article{belle_gamma_binned_dalitz,
  title = {First measurement of $\phi_3$ with a model-independent Dalitz plot analysis of $B^{\pm}\to DK^{\pm}$, $D\to K_S^0\pi^+\pi^-$ decay},
  author = {Aihara, H. and Arinstein, K. and Asner, D. M. and Aulchenko, V. and Aushev, T. and Bakich, A. M. 
            and Belous, K. and Bhuyan, B. and Bischofberger, M. and Bondar, A. and Bonvicini, G. and Bozek, A. 
            and {etal}},
  collaboration = {Belle Collaboration},
  journal = {Phys. Rev. D},
  volume = {85},
  issue = {11},
  pages = {112014},
  numpages = {17},
  year = {2012},
  month = {Jun},
  publisher = {American Physical Society},
  doi = {10.1103/PhysRevD.85.112014},
  url = {http://link.aps.org/doi/10.1103/PhysRevD.85.112014},
  language = {english}
}

@COMMENT{PhysRevD.94.052004}
@article{belle_beta_binned_dalitz,
  title = {Measurement of the CKM angle $\varphi_1$ in $B^0\to \overline{D}{}^{(*)0}h^0$, $\overline{D}{}^{0}\to K_S^0\pi^+\pi^-$ decays with time-dependent binned Dalitz plot analysis},
  author = {Vorobyev, V. and Adachi, I. and Aihara, H. and Asner, D. M. and Aushev, T. and Ayad, R. and Badhrees, I. 
            and Bahinipati, S. and Bakich, A. M. and Behera, P. and Bhardwaj, V. and Bhuyan, B. and Biswal, J. 
            and {etal}},
  collaboration = {Belle Collaboration},
  journal = {Phys. Rev. D},
  volume = {94},
  issue = {5},
  pages = {052004},
  numpages = {15},
  year = {2016},
  month = {Sep},
  publisher = {American Physical Society},
  doi = {10.1103/PhysRevD.94.052004},
  url = {http://link.aps.org/doi/10.1103/PhysRevD.94.052004},
  language = {english}
}

@article{testbench,
  author = {Vorobyev, V. and Kuzmin, A. and Matvienko, D. and Vinokurova, A.},
  title = {Testbench of shaper-digitizer modules for Belle II calorimeter},
  journal = {Journal of Instrumentation},
  volume = {9},
  number = {08},
  pages = {C08016},
  url = {http://stacks.iop.org/1748-0221/9/i=08/a=C08016},
  doi = {10.1088/1748-0221/9/08/C08016},
  year = {2014},
  language = {english}
}