@article{Noether1918,
  author = {Noether, E.},
  journal = {Nachrichten von der Gesellschaft der Wissenschaften zu Göttingen, Mathematisch-Physikalische Klasse},
  language = {ger},
  pages = {235-257},
  title = {Invariante Variationsprobleme},
  url = {http://eudml.org/doc/59024},
  volume = {1918},
  year = {1918}
}

@article{Gershon:2016fda,
  author = {Gershon, T. and Gligorov, V. V.},
  title = {CP violation in the B system},
  year = {2016},
  eprint = {1607.06746},
  archivePrefix = {arXiv},
  primaryClass = {hep-ex},
  SLACcitation = {%%CITATION = ARXIV:1607.06746;%%},
  language = {english}
}

@COMMENT{Kobayashi01021973}
@article{km,
  author = {Kobayashi, Makoto and Maskawa, Toshihide}, 
  title = {CP-Violation in the Renormalizable Theory of Weak Interaction},
  volume = {49}, 
  number = {2}, 
  pages = {652-657}, 
  year = {1973}, 
  doi = {10.1143/PTP.49.652}, 
  URL = {http://ptp.oxfordjournals.org/content/49/2/652.abstract}, 
  eprint = {http://ptp.oxfordjournals.org/content/49/2/652.full.pdf+html}, 
  journal = {Progress of Theoretical Physics},
  language = {english}
}


@ARTICLE{Avery,
  author   = {Avery, P.},
  title    = {Applied Fitting Theory VI --- Formulas for Kinematic Fitting},
  journal  = {CLEO CBX},
  year     = {1999},
  number   = {98(37)},
  pages    = {1--22},
  language = {english}
}

@ARTICLE{flvtag,
  author   = {Kakuno, H. and Hara, K. and Casey B. and others},
  title    = {Neutral B Flavor Tagging for the Measurement of Mixing-induced CP Violation at Belle},
  journal  = {Nuclear Instruments and Methods A},
  year     = {2004},
  number   = {533(3)},
  pages    = {516--531},
  language = {english}
}

@COMMENT{PhysRevD.71.072003}
@article{flvtag1,
  title = {Improved measurement of $CP$-violation parameters $\sin{2\phi_1}$ and $|\lambda|$, $B$ meson lifetimes, and $B^0$-$\overline{B}{}^0$ mixing parameter $\Delta m_d$},
  author = {Abe, K. and Abe, K. and Adachi, I. and Aihara, H. and Akatsu, M. and Asano, Y. and Aushev, T. 
            and Aziz, T. and Bahinipati, S. and Bakich, A. M. and Ban, Y. and Banerjee, S. and Bay, A. 
            end {etal}},
  collaboration = {Belle Collaboration},
  journal = {Phys. Rev. D},
  volume = {71},
  issue = {7},
  pages = {072003},
  numpages = {12},
  year = {2005},
  month = {Apr},
  publisher = {American Physical Society},
  doi = {10.1103/PhysRevD.71.072003},
  url = {http://link.aps.org/doi/10.1103/PhysRevD.71.072003},
  language = {english}
}

@COMMENT{PhysRevD.72.012004}
@article{flvtag2,
  title = {Time-dependent $CP$-violating asymmetries in $b\to s\overline{q}q$ transitions},
  author = {Chen, K.-F. and Fang, F. and Garmash, A. and Hara, K. and Hazumi, M. and Higuchi, T. and Kakuno, H. 
            and Kusaka, A. and Shibata, T. and Tajima, O. and Trabelsi, K. and Ziegler, T. and Abe, K. 
            and {etal}},
  collaboration = {Belle Collaboration},
  journal = {Phys. Rev. D},
  volume = {72},
  issue = {1},
  pages = {012004},
  numpages = {15},
  year = {2005},
  month = {Jul},
  publisher = {American Physical Society},
  doi = {10.1103/PhysRevD.72.012004},
  url = {http://link.aps.org/doi/10.1103/PhysRevD.72.012004},
  language = {english}
}

@COMMENT{PhysRevD.77.091103}
@article{flvtag3,
  title = {Measurements of time-dependent $CP$ violation in $B^0\to \psi(2S)K_S^0$ decays},
  author = {Sahoo, H. and Browder, T. E. and Trabelsi, K. and Adachi, I. and Aihara, H. and Arinstein, K. 
            and Aushev, T. and Bahinipati, S. and Bakich, A. M. and Balagura, V. and Barberio, E. 
            and {etal}},
  collaboration = {Belle Collaboration},
  journal = {Phys. Rev. D},
  volume = {77},
  issue = {9},
  pages = {091103},
  numpages = {6},
  year = {2008},
  month = {May},
  publisher = {American Physical Society},
  doi = {10.1103/PhysRevD.77.091103},
  url = {http://link.aps.org/doi/10.1103/PhysRevD.77.091103},
  language = {english}
}

@phdthesis{crystallball,
  author         = {Skwarnicki, Tomasz},
  title          = {A study of the radiative CASCADE transitions between the Upsilon-Prime and Upsilon resonances},
  school         = {Cracow, INP},
  year           = {1986},
  url            = {http://lss.fnal.gov/cgi-bin/find_paper.pl?other/thesis/skwarnicki.pdf},
  reportNumber   = {DESY-F31-86-02, DESY-F-31-86-02},
  SLACcitation   = {%%CITATION = DESY-F31-86-02;%%},
  language       = {english}
}

@article{NskPDF,
  title = {A detailed test of the CsI(Tl) calorimeter for BELLE with photon beams of energy between $20$ MeV and $5.4$ GeV },
  journal = {Nuclear Instruments and Methods A},
  volume = {441},
  number = {3},
  pages = {401--426},
  year = {2000},
  issn = {0168-9002},
  doi = {10.1016/S0168-9002(99)00992-4},
  url = {http://www.sciencedirect.com/science/article/pii/S0168900299009924},
  author = {H. Ikeda and A. Satpathy and B.S. Ahn and V.M. Aulchenko and A.E. Bondar and B.G. Cheon and T.H. Chu 
            and M. Fukushima and A.Yu. Garmash and H. Hayashii and H.K. Jang and K. Kaneyuki and K. Kazui 
            and {etal}},
language = {english}
}

@article{thrust,
  title = {Quantum Chromodynamics Test for Jets},
  author = {Farhi, Edward},
  journal = {Phys. Rev. Lett.},
  volume = {39},
  issue = {25},
  pages = {1587--1588},
  numpages = {0},
  year = {1977},
  month = {Dec},
  publisher = {American Physical Society},
  doi = {10.1103/PhysRevLett.39.1587},
  url = {http://link.aps.org/doi/10.1103/PhysRevLett.39.1587},
  language = {english}
}

@article{BARNHAM1979300,
title = {Spherocity and thrust distributions in high energy neutrino interactions},
journal = {Physics Letters B},
volume = {85},
number = {2},
pages = {300--303},
year = {1979},
issn = {0370-2693},
doi = {10.1016/0370-2693(79)90602-6},
url = {http://www.sciencedirect.com/science/article/pii/0370269379906026},
author = {K.W.J. Barnham and M. Bloch and K. Böckmann and 
          J.S. Chima and C.L. Davis and P. Fritze and P. Grossmann and 
          R. Hartmann and P.O. Hulth and R. Pech and B. Saitta and 
          R. Schulte and W.G. Scott and H. Seyfert and B. Tallini and 
          A. Vayaki and D. Vignaud},
language = {english}
}

@article{foxwolfram,
title = {Event shapes in $e^+e^-$ annihilation},
journal = {Nuclear Physics B},
volume = {149},
number = {3},
pages = {413--496},
year = {1979},
issn = {0550-3213},
doi = {10.1016/0550-3213(79)90003-8},
url = {http://www.sciencedirect.com/science/article/pii/0550321379900038},
author = {Geoffrey C. Fox and Stephen Wolfram},
language = {english}
}

@article{sfwm,
  title = {Evidence for $B^0\to \pi^0\pi^0$},
  author = {Lee, S. H. and Suzuki, K. and Abe, K. and Abe, K. and Abe, T. and Adachi, I. and Ahn, Byoung Sup and Aihara, 
            H. and Akai, K. and Akatsu, M. and Akemoto, M. and {etal}},
  collaboration = {Belle Collaboration},
  journal = {Phys. Rev. Lett.},
  volume = {91},
  issue = {26},
  pages = {261801},
  numpages = {5},
  year = {2003},
  month = {Dec},
  publisher = {American Physical Society},
  doi = {10.1103/PhysRevLett.91.261801},
  url = {http://link.aps.org/doi/10.1103/PhysRevLett.91.261801},
  language = {english}
}

@COMMENT{1957PhRv..105.1413W}
@ARTICLE{Wu,
   author = {{Wu}, C.~S. and {Ambler}, E. and {Hayward}, R.~W. and {Hoppes}, D.~D. and 
	{Hudson}, R.~P.},
    title = {Experimental Test of Parity Conservation in Beta Decay},
  journal = {Physical Review},
     year = {1957},
    month = {feb},
   volume = {105},
    pages = {1413--1415},
      doi = {10.1103/PhysRev.105.1413},
   adsurl = {http://adsabs.harvard.edu/abs/1957PhRv..105.1413W},
  adsnote = {Provided by the SAO/NASA Astrophysics Data System},
 language = {english}
}

@article{CKMEulerParams,
  title = {Comments on the Parametrization of the Kobayashi-Maskawa Matrix},
  author = {Chau, Ling-Lie and Keung, Wai-Yee},
  journal = {Phys. Rev. Lett.},
  volume = {53},
  issue = {19},
  pages = {1802--1805},
  numpages = {0},
  year = {1984},
  month = {Nov},
  publisher = {American Physical Society},
  doi = {10.1103/PhysRevLett.53.1802},
  url = {http://link.aps.org/doi/10.1103/PhysRevLett.53.1802},
  language = {english}
}

@article{Wolfenstein,
  title = {Parametrization of the Kobayashi-Maskawa Matrix},
  author = {Wolfenstein, Lincoln},
  journal = {Phys. Rev. Lett.},
  volume = {51},
  issue = {21},
  pages = {1945--1947},
  numpages = {0},
  year = {1983},
  month = {Nov},
  publisher = {American Physical Society},
  doi = {10.1103/PhysRevLett.51.1945},
  url = {http://link.aps.org/doi/10.1103/PhysRevLett.51.1945},
  language = {english}
}

@book{BaBarBook,
  author = {Quinn, Helen R and Harrison, P F},
  title = {The BaBar physics book: physics at an asymmetric B factory},
  publisher = {SLAC},
  address = {Stanford, CA},
  year = {1998},
  url = {https://cds.cern.ch/record/329001},
  language = {english}
}

@COMMENT{pages = {XVIII, 193},}
@book{markusphd,
  author = {Markus R\"{o}hrken},
  title = {Time-Dependent CP Violation Measurements},
  isbn = {978-3-319-00726-7},
  doi = {10.1007/978-3-319-00726-7},
  publisher = {Springer International Publishing},
  year = {2014},
  url = {http://www.springer.com/cn/book/9783319007250},
  language = {english}
}

@article{Cabibbo,
  title = {Unitary Symmetry and Leptonic Decays},
  author = {Cabibbo, Nicola},
  journal = {Phys. Rev. Lett.},
  volume = {10},
  issue = {12},
  pages = {531--533},
  numpages = {0},
  year = {1963},
  month = {Jun},
  publisher = {American Physical Society},
  doi = {10.1103/PhysRevLett.10.531},
  url = {http://link.aps.org/doi/10.1103/PhysRevLett.10.531},
  language = {english}
}


@COMMENT{PhysRevLett.13.138}
@article{CroninFitch,
  title = {Evidence for the $2\pi$ Decay of the $K_2^0$ Meson},
  author = {Christenson, J. H. and Cronin, J. W. and Fitch, V. L. and Turlay, R.},
  journal = {Phys. Rev. Lett.},
  volume = {13},
  issue = {4},
  pages = {138--140},
  numpages = {0},
  year = {1964},
  month = {Jul},
  publisher = {American Physical Society},
  doi = {10.1103/PhysRevLett.13.138},
  url = {http://link.aps.org/doi/10.1103/PhysRevLett.13.138},
  language = {english}
}

@article{sakharov,
  author = {Сахаров, А. Д.},
  title = {Начальная стадия расширения Вселенной и возникновение неоднородности распределения вещества},
  journal = {ЖЭТФ},
  year = {1965},
  volume = {49},
  pages = {345--375},
  language = {russian}
}


@article{arguspdf,
  title = {Search for hadronic $b\to u$ decays},
  journal = {Physics Letters B},
  volume = {241},
  number = {2},
  pages = {278 -- 282},
  year = {1990},
  issn = {0370-2693},
  doi = {10.1016/0370-2693(90)91293-K},
  url = {http://www.sciencedirect.com/science/article/pii/037026939091293K},
  author = {H. Albrecht and R. Glaser and G. Harder and A. Kruger and A.W. Nilsson and 
            A. Nippe and T. Oest and M. Reidenbach and M. Schafer and W. Schmidt-Parzefall 
            and {etal}},
  language = {english} 
}

@article{BelleNIM,
  author = {{Abashian}, A. and {Gotow}, K. and {Morgan}, N. and {Piilonen}, L. and {Schrenk}, S. and {Abe}, K. and 
            {Adachi}, I. and {Alexander}, J.~P. and {Aoki}, K. and {Behari}, S. and et al.},
  title = {The Belle detector},
  journal = {Nuclear Instruments and Methods in Physics Research A},
  year = {2002},
  month = {feb},
  volume = {479},
  pages = {117--232},
  doi = {10.1016/S0168-9002(01)02013-7},
  adsurl = {http://adsabs.harvard.edu/abs/2002NIMPA.479..117A},
  adsnote = {Provided by the SAO/NASA Astrophysics Data System},
  language = {english}
}

@COMMENT{Aubert20021}
@article{BaBarNIM,
  title = {The $BABAR$ detector},
  journal = {Nuclear Instruments and Methods A},
  volume = {479},
  number = {1},
  pages = {1 -- 116},
  year = {2002},
  note = {Detectors for Asymmetric B-factories},
  issn = {0168-9002},
  doi = {10.1016/S0168-9002(01)02012-5},
  url = {http://www.sciencedirect.com/science/article/pii/S0168900201020125},
  author = {B. Aubert and A. Bazan and A. Boucham and D. Boutigny and I. De Bonis and J. Favier and J.-M. Gaillard 
            and A. Jeremie and Y. Karyotakis and T. Le Flour and J.P. Lees and S. Lieunard and P. Petitpas 
            and {etal}},
  language = {english}
}

@COMMENT{Gronau:1991dp}
@article{glw2,
  author = {Gronau, Michael and Wyler, Daniel},
  title = {On determining a weak phase from CP asymmetries in charged B decays},
  journal = {Phys. Lett.},
  volume = {B265},
  year = {1991},
  pages = {172--176},
  doi = {10.1016/0370-2693(91)90034-N},
  reportNumber = {TECHNION-PH-91-14, ZU-TH-6-91},
  SLACcitation = {%%CITATION = PHLTA,B265,172;%%},
  language = {english}
}

@COMMENT{Gronau:1990ra}
@article{glw1,
  author = {Gronau, Michael and London, David},
  title = {How to determine all the angles of the unitarity triangle from $B_{d}^0\to D K_S$ and $B_s^0\to D^0$},
  journal = {Phys. Lett.},
  volume = {B253},
  year = {1991},
  pages = {483--488},
  doi = {10.1016/0370-2693(91)91756-L},
  reportNumber = {DESY-90-125, TECHNION-PH-90-26, UDEM-LPN-TH-34},
  SLACcitation = {%%CITATION = PHLTA,B253,483;%%},
  language = {english}
}

@COMMENT{PhysRevLett.78.3257}
@article{ads,
  title = {Enhanced $CP$ Violation with $B\to KD^0(\overline{D}^0)$ Modes and Extraction of the Cabibbo-Kobayashi-Maskawa Angle $\gamma$},
  author = {Atwood, David and Dunietz, Isard and Soni, Amarjit},
  journal = {Phys. Rev. Lett.},
  volume = {78},
  issue = {17},
  pages = {3257--3260},
  numpages = {0},
  year = {1997},
  month = {Apr},
  publisher = {American Physical Society},
  doi = {10.1103/PhysRevLett.78.3257},
  url = {http://link.aps.org/doi/10.1103/PhysRevLett.78.3257},
  language = {english}
}

@COMMENT{Kurokawa20031}
@article{KEKB1,
  title = {Overview of the KEKB accelerators},
  journal = {Nuclear Instruments and Methods A},
  volume = {499},
  number = {1},
  pages = {1 -- 7},
  year = {2003},
  note = {KEK-B: The KEK B-factory},
  issn = {0168-9002},
  doi = {10.1016/S0168-9002(02)01771-0},
  url = {http://www.sciencedirect.com/science/article/pii/S0168900202017710},
  author = {S. Kurokawa and E. Kikutani},
  keywords = {Colliding machine},
  keywords = {Storage ring},
  language = {english}
}

@COMMENT{Akai2003191}
@article{KEKB2,
  title = {Commissioning of KEKB},
  journal = {Nuclear Instruments and Methods A},
  volume = {499},
  number = {1},
  pages = {191 -- 227},
  year = {2003},
  note = {KEK-B: The KEK B-factory},
  issn = {0168-9002},
  doi = {10.1016/S0168-9002(02)01788-6},
  url = {http://www.sciencedirect.com/science/article/pii/S0168900202017886},
  author = {K. Akai and N. Akasaka and A. Enomoto and J. Flanagan and H. Fukuma and Y. Funakoshi and K. Furukawa 
            and T. Furuya and J. Haba and S. Hiramatsu and K. Hosoyama and T. Ieiri and N. Iida and H. Ikeda 
            and {etal}},
  keywords = {Electron storage ring},
  keywords = {High luminosity},
  keywords = {B-meson factory},
  keywords = {Accelerator operation},
  keywords = {Electron-cloud instability},
  language = {english}
}

@article{PEPIICDR,
  key = {37821},
  title = {PEP-II: An Asymmetric B Factory. Conceptual Design Report. June 1993},
  year = {1994},
  reportNumber = {SLAC-418, LBL-PUB-5379, CALT-68-1869, UCRL-ID-114055, UCIIRPA-93-01, SLAC-0418, SLAC-R-0418, SLAC-R-418"},
  SLACcitation = {%%CITATION = SLAC-418;%%},
  language = {english}
}

@COMMENT{PhysRevD.82.112006}
@article{CLEO_phases,
  title = {Model-independent determination of the strong-phase difference between $D^0$ and $\overline{D}^0\to K_{S,L}^0 h^+h^-$ ($h=\pi$, $K$) and its impact on the measurement of the CKM angle $\gamma/\phi_3$},
  author = {Libby, J. and Kornicer, M. and Mitchell, R. E. and Shepherd, M. R. and Tarbert, C. M. and Besson, D. 
            and Pedlar, T. K. and Xavier, J. and Cronin-Hennessy, D. and Hietala, J. and Zweber, P. and Dobbs, S. 
            and {etal}},
  collaboration = {CLEO Collaboration},
  journal = {Phys. Rev. D},
  volume = {82},
  issue = {11},
  pages = {112006},
  numpages = {30},
  year = {2010},
  month = {Dec},
  publisher = {American Physical Society},
  doi = {10.1103/PhysRevD.82.112006},
  url = {http://link.aps.org/doi/10.1103/PhysRevD.82.112006},
  language = {english}
}

@COMMENT{PhysRevD.63.092001}
@article{CLEO_kpipi0,
  title = {Dalitz analysis of the decay $D^0\to K^-\pi^+\pi^0$},
  author = {Kopp, S. and Kostin, M. and Mahmood, A. H. and Csorna, S. E. and Danko, I. and McLean, K. W. and Xu, Z. 
            and Godang, R. and Bonvicini, G. and Cinabro, D. and Dubrovin, M. and McGee, S. and Zhou, G. J. 
            and {etal}},
  collaboration = {CLEO Collaboration},
  journal = {Phys. Rev. D},
  volume = {63},
  issue = {9},
  pages = {092001},
  numpages = {16},
  year = {2001},
  month = {Apr},
  publisher = {American Physical Society},
  doi = {10.1103/PhysRevD.63.092001},
  url = {http://link.aps.org/doi/10.1103/PhysRevD.63.092001},
  language = {english}
}

@COMMENT{PhysRevLett.103.211801}
@article{babar_ws_kpipi0,
  title = {Measurement of $D^0$-$\overline{D}^0$ Mixing from a Time-Dependent Amplitude Analysis of $D^0\to K^+\pi^-\pi^0$ Decays},
  author = {Aubert, B. and Bona, M. and Karyotakis, Y. and Lees, J. P. and Poireau, V. and Prencipe, E. 
            and Prudent, X. and Tisserand, V. and Tico, J. Garra and Grauges, E. and Lopez, L. and Palano, A. 
            and {etal}},
  collaboration = {BABAR Collaboration},
  journal = {Phys. Rev. Lett.},
  volume = {103},
  issue = {21},
  pages = {211801},
  numpages = {8},
  year = {2009},
  month = {Nov},
  publisher = {American Physical Society},
  doi = {10.1103/PhysRevLett.103.211801},
  url = {http://link.aps.org/doi/10.1103/PhysRevLett.103.211801},
  language = {english}
}

@Article{Levichev2008,
  author = {Levichev, E.},
  title = {The project of a Tau-Charm Factory with Crab Waist in Novosibirsk},
  journal = {Physics of Particles and Nuclei Letters},
  year = {2008},
  volume = {5},
  number = {7},
  pages = {554 -- 559},
  issn = {1531-8567},
  doi = {10.1134/S1547477108070030},
  url = {10.1134/S1547477108070030},
  language = {english}
}

@COMMENT{Ushiroda20036}
@article{svd1,
  title = {Belle silicon vertex detectors},
  journal = {Nuclear Instruments and Methods A},
  volume = {511},
  number = {1--2},
  pages = {6 -- 10},
  year = {2003},
  note = {Proceedings of the 11th International Workshop on Vertex Detectors},
  issn = {0168-9002},
  doi = {10.1016/S0168-9002(03)01739-X},
  url = {http://www.sciencedirect.com/science/article/pii/S016890020301739X},
  author = {Y. Ushiroda},
  keywords = {Belle},
  keywords = {KEKB},
  keywords = {Silicon},
  keywords = {Vertex detector},
  keywords = {SVD},
  language = {english}
}

@COMMENT{Aihara2006269}
@article{svd3,
  title = {Belle SVD2 vertex detector},
  journal = {Nuclear Instruments and Methods A},
  volume = {568},
  number = {1},
  pages = {269 -- 273},
  year = {2006},
  note = {New Developments in Radiation DetectorsProceedings of the 10th European Symposium on Semiconductor Detectors10th European Symposium on Semiconductor Detectors},
  issn = {0168-9002},
  doi = {10.1016/j.nima.2006.05.281},
  url = {http://www.sciencedirect.com/science/article/pii/S0168900206011193},
  author = {H. Aihara and Y. Asano and T. Aso and A. Bakich and M. Barbero and T. Browder and M.C. Chang 
            and Y. Chao and K.F. Chen and S. Chidzik and A. Chouvikov and J. Dalseno and R. Dowd 
            and {etal}},
  keywords = {Belle},
  keywords = {Silicon vertex detector},
  language = {english}
}

@COMMENT{Natkaniec20061}
@article{svd2,
  title = {Status of the Belle silicon vertex detector},
  journal = {Nuclear Instruments and Methods A},
  volume = {560},
  number = {1},
  pages = {1 -- 4},
  year = {2006},
  note = {Proceedings of the 13th International Workshop on Vertex DetectorsVERTEX 200413th International Workshop on Vertex Detectors},
  issn = {0168-9002},
  doi = {10.1016/j.nima.2005.11.228},
  url = {http://www.sciencedirect.com/science/article/pii/S0168900205023211},
  author = {Z. Natkaniec and H. Aihara and Y. Asano and T. Aso and A. Bakich and T. Browder and M.C. Chang 
            and Y. Chao and K.F. Chen and S. Chidzik and A. Chouvikov and J. Dalseno and R. Dowd and R. Fernholz 
            and {etal}},
  keywords = {Belle},
  keywords = {Kekb},
  keywords = {Silicon detector},
  keywords = {Silicon strip detector},
  keywords = {SVD},
  language = {english}
}

@COMMENT{Hirano2000294}
@article{cdc,
  title = {A high-resolution cylindrical drift chamber for the KEK B-factory},
  journal = {Nuclear Instruments and Methods A},
  volume = {455},
  number = {2},
  pages = {294--304},
  year = {2000},
  issn = {0168-9002},
  doi = {10.1016/S0168-9002(00)00513-1},
  url = {http://www.sciencedirect.com/science/article/pii/S0168900200005131},
  author = {H Hirano and M Akatsu and Y Fujita and K Fujimoto and M Hirose and K Inami and A Ishikawa 
            and Y Iwasaki and K.K Joo and T Kuniya and T Matsumoto and I .Nagai and O Nitoh and Y Ohnishi 
            and {etal}},
  keywords = {Momentum resolution},
  keywords = {Low material},
  keywords = {Helium},
  keywords = {Ethane},
  keywords = {BELLE},
  language = {english}
}

@COMMENT{Iijima2000321}
@article{acc,
  title = {Aerogel Cherenkov counter for the BELLE detector},
  journal = {Nuclear Instruments and Methods A},
  volume = {453},
  number = {1--2},
  pages = {321 -- 325},
  year = {2000},
  note = {Proc. 7th Int. Conf on Instrumentation for colliding Beam Physics},
  issn = {0168-9002},
  doi = {10.1016/S0168-9002(00)00652-5},
  url = {http://www.sciencedirect.com/science/article/pii/S0168900200006525},
  author = {T Iijima and I Adachi and R Enomoto and R Suda and T Sumiyoshi and C Leonidopoulos and D.R Marlow 
            and E Prebys and H Kawai and E Kurihara and M Nanao and K Suzuki and Y Unno and S Ogawa and A Murakami and M.H.R Khan},
  language = {english}
}

@COMMENT{Kichimi2000315}
@article{tof,
  title = {The BELLE TOF system},
  journal = {Nuclear Instruments and Methods A},
  volume = {453},
  number = {1--2},
  pages = {315 -- 320},
  year = {2000},
  note = {Proc. 7th Int. Conf on Instrumentation for colliding Beam Physics},
  issn = {0168-9002},
  doi = {10.1016/S0168-9002(00)00651-3},
  url = {http://www.sciencedirect.com/science/article/pii/S0168900200006513},
  author = {H Kichimi and Y Yoshimura and T Browder and B Casey and M Jones and S.L Olsen and M Peters and J Rodriguez and G Varner and Y Zheng and Y Choi and D Kim and J Nam},
  language = {english}
}

@COMMENT{Miyabayashi2002298}
@article{ecl,
  title = {Belle electromagnetic calorimeter},
  journal = {Nuclear Instruments and Methods A},
  volume = {494},
  number = {1--3},
  pages = {298--302},
  year = {2002},
  note = {Proceedings of the 8th International Conference on Instrumentatio n for Colliding Beam Physics},
  issn = {0168-9002},
  doi = {10.1016/S0168-9002(02)01483-3},
  url = {http://www.sciencedirect.com/science/article/pii/S0168900202014833},
  author = {Kenkichi Miyabayashi},
  keywords = {Belle detector},
  keywords = {CsI(Tl) crystal},
  keywords = {Electromagnetic calorimetry},
  language = {english}
}

@COMMENT{Ushiroda1999460}
@article{trig,
  title = {Development of the central trigger system for the BELLE detector at the KEK B-factory},
  journal = {Nuclear Instruments and Methods A},
  volume = {438},
  number = {2--3},
  pages = {460 -- 471},
  year = {1999},
  issn = {0168-9002},
  doi = {10.1016/S0168-9002(99)00823-2},
  url = {http://www.sciencedirect.com/science/article/pii/S0168900299008232},
  author = {Y. Ushiroda and A. Mohapatra and H. Sakamoto and Y. Sakai and M. Nakao and Q. An and Y.F. Wang},
  keywords = {Trigger system},
  keywords = {FPGA},
  language = {english}
}

@COMMENT{Suzuki2000440}
@article{daq1,
  title = {The BELLE DAQ system},
  journal = {Nuclear Instruments and Methods A},
  volume = {453},
  number = {1--2},
  pages = {440--444},
  year = {2000},
  note = {Proc. 7th Int. Conf on Instrumentation for colliding Beam Physics},
  issn = {0168-9002},
  doi = {10.1016/S0168-9002(00)00679-3},
  url = {http://www.sciencedirect.com/science/article/pii/S0168900200006793},
  author = {Soh Yamagata Suzuki and Masanori Yamauchi and Mikihiko Nakao and Ryosuke Itoh and Hirofumi Fujii},
  language = {english}
}

@COMMENT{Suzuki2002535}
@article{daq2,
  title = {Belle DAQ system upgrade at 2001},
  journal = {Nuclear Instruments and Methods A},
  volume = {494},
  number = {1--3},
  pages = {535--540},
  year = {2002},
  note = {Proceedings of the 8th International Conference on Instrumentatio n for Colliding Beam Physics},
  issn = {0168-9002},
  doi = {10.1016/S0168-9002(02)01545-0},
  url = {http://www.sciencedirect.com/science/article/pii/S0168900202015450},
  author = {Soh Yamagata Suzuki and Ryosuke Itoh and Hyun-Woo Kim and Hong-Joo Kim and Hyun-Ok Kim and Mikihiko Nakao and Eunil Won and Masanori Yamauchi},
  keywords = {Belle},
  keywords = {DAQ},
  language = {english}
}

@COMMENT{Agashe:2014kda}
@article{pdg,
  author = {Olive, K. A. and others},
  title = {Review of Particle Physics},
  collaboration = {Particle Data Group},
  journal = {Chin. Phys.},
  volume = {C38},
  year = {2014},
  pages = {090001},
  doi = {10.1088/1674-1137/38/9/090001},
  SLACcitation = {%%CITATION = CHPHD,C38,090001;%%},
  language = {english}
}

@COMMENT{Amhis:2014hma}
@article{hfag,
  author = {Amhis, Y. and others},
  title = {Averages of $b$-hadron, $c$-hadron, and $\tau$-lepton properties as of summer 2014},
  collaboration = {Heavy Flavor Averaging Group (HFAG)},
  year = {2014},
  eprint = {1412.7515},
  archivePrefix = {arXiv},
  primaryClass = {hep-ex},
  reportNumber = {FERMILAB-PUB-15-004-PPD},
  SLACcitation = {%%CITATION = ARXIV:1412.7515;%%},
  language = {english}
}

@COMMENT{Bevan2014}
@Article{bfacphys,
  author = {Bevan, A. J. and Golob, B. and Mannel, Th. and Prell, S. and Yabsley, B. D. and Aihara, H. and Anulli, F.
            and Arnaud, N. and Aushev, T. and Beneke, M. and Beringer, J. and Bianchi, F. and Bigi, I. I. and Bona, M.
            and Brambilla, N. and Brodzicka, J. and Chang, P. and {etal}},
  title = {The Physics of the B Factories},
  journal = {The European Physical Journal C},
  year = {2014},
  volume = {74},
  number = {11},
  pages = {1--928},
  issn = {1434-6052},
  doi = {10.1140/epjc/s10052-014-3026-9},
  url = {10.1140/epjc/s10052-014-3026-9},
  language = {english}
}

@COMMENT{Aaij2013}
@Article{lhcb_btopipi,
  author = {Aaij, R. and Adeva, B. and Adinolfi, M. and Adrover, C. and Affolder, A. and Ajaltouni, Z. and Albrecht, J.
            and Alessio, F. and Alexander, M. and Ali, S. and Alkhazov, G. and Alvarez Cartelle, P. and Alves, A. A.
            and {etal}},
  title = {First measurement of time-dependent $CP$ violation in $B_s^0\to K^+K^-$ decays},
  journal = {Journal of High Energy Physics},
  year = {2013},
  volume = {2013},
  number = {10},
  pages = {1--26},
  issn = {1029-8479},
  doi = {10.1007/JHEP10(2013)183},
  url = {10.1007/JHEP10(2013)183},
  language = {english}
}

@COMMENT{PhysRevD.87.052009}
@article{babar_btopipi,
  title = {Measurement of $CP$ asymmetries and branching fractions in charmless two-body $B$-meson decays to pions and kaons},
  author = {Lees, J. P. and Poireau, V. and Tisserand, V. and Garra Tico, J. and Grauges, E. and Palano, A. 
            and Eigen, G. and Stugu, B. and Brown, D. N. and Kerth, L. T. and Kolomensky, Yu. G. and Lynch, G. 
            and Koch, H. and Schroeder, T. and Asgeirsson, D. J. and Hearty, C. and Mattison, T. S. 
            and McKenna, J. A. and So, R. Y. and Khan, A. and Blinov, V. E. and Buzykaev, A. R. 
            and {etal}},
  collaboration = {BABAR Collaboration},
  journal = {Phys. Rev. D},
  volume = {87},
  issue = {5},
  pages = {052009},
  numpages = {16},
  year = {2013},
  month = {Mar},
  publisher = {American Physical Society},
  doi = {10.1103/PhysRevD.87.052009},
  url = {http://link.aps.org/doi/10.1103/PhysRevD.87.052009},
  language = {english}
}

@COMMENT{PhysRevD.88.092003}
@article{belle_btopipi,
  title = {Measurement of the $CP$ violation parameters in $B^0\to\pi^+\pi^-$ decays},
  author = {Dalseno, J. and Prothmann, K. and Kiesling, C. and Adachi, I. and Aihara, H. and Arinstein, K. 
            and Asner, D. M. and Aulchenko, V. and Aushev, T. and Bakich, A. M. and Bala, A. and Bay, A. 
            and {etal}},
  collaboration = {Belle Collaboration},
  journal = {Phys. Rev. D},
  volume = {88},
  issue = {9},
  pages = {092003},
  numpages = {11},
  year = {2013},
  month = {Nov},
  publisher = {American Physical Society},
  doi = {10.1103/PhysRevD.88.092003},
  url = {http://link.aps.org/doi/10.1103/PhysRevD.88.092003},
  language = {english}
}

@COMMENT{Snyder:1993mx}
@article{btorhopi_theory1,
  author = {Snyder, Arthur E. and Quinn, Helen R.},
  title = {Measuring $CP$ asymmetry in $B\to \rho\pi$ decays without ambiguities},
  journal = {Phys. Rev.},
  volume = {D48},
  year = {1993},
  pages = {2139--2144},
  doi = {10.1103/PhysRevD.48.2139},
  reportNumber = {SLAC-PUB-6056},
  SLACcitation = {%%CITATION = PHRVA,D48,2139;%%},
  language = {english}
}

@COMMENT{PhysRevD.62.054002}
@article{btorhopi_theory2,
  title = {Use of early data on $B\to\rho\pi$ decays},
  author = {Quinn, Helen R. and Silva, Jo\~ao P.},
  journal = {Phys. Rev. D},
  volume = {62},
  issue = {5},
  pages = {054002},
  numpages = {10},
  year = {2000},
  month = {Jul},
  publisher = {American Physical Society},
  doi = {10.1103/PhysRevD.62.054002},
  url = {http://link.aps.org/doi/10.1103/PhysRevD.62.054002},
  language = {english}
}

@COMMENT{PhysRevD.88.012003}
@article{babar_btorhopi,
  title = {Measurement of $CP$-violating asymmetries in $B^0\to\rho\pi^0$ decays using a time-dependent Dalitz plot analysis},
  author = {Lees, J. P. and Poireau, V. and Tisserand, V. and Grauges, E. and Palano, A. and Eigen, G. 
            and Stugu, B. and Brown, D. N. and Kerth, L. T. and Kolomensky, Yu. G. and Lynch, G. 
            and {etal}},
  collaboration = {BABAR Collaboration},
  journal = {Phys. Rev. D},
  volume = {88},
  issue = {1},
  pages = {012003},
  numpages = {26},
  year = {2013},
  month = {Jul},
  publisher = {American Physical Society},
  doi = {10.1103/PhysRevD.88.012003},
  url = {http://link.aps.org/doi/10.1103/PhysRevD.88.012003},
  language = {english}
}

@COMMENT{PhysRevLett.98.221602}
@article{belle_btorhopi,
  title = {Measurement of $CP$ Asymmetry in a Time-Dependent Dalitz Analysis of $B^0\to\rho\pi^0$ and a Constraint on the Quark Mixing Matrix Angle $\phi_2$},
  author = {Kusaka, A. and Wang, C. C. and Ishino, H. and Abe, K. and Abe, K. and Adachi, I. 
            and Aihara, H. and Anipko, D. and Aulchenko, V. and Aushev, T. and Bakich, A. M. 
            and {etal}},
  collaboration = {Belle Collaboration},
  journal = {Phys. Rev. Lett.},
  volume = {98},
  issue = {22},
  pages = {221602},
  numpages = {6},
  year = {2007},
  month = {Jun},
  publisher = {American Physical Society},
  doi = {10.1103/PhysRevLett.98.221602},
  url = {http://link.aps.org/doi/10.1103/PhysRevLett.98.221602},
  language = {english}
}

@COMMENT{PhysRevLett.65.3381}
@article{alpha_isospin,
  title = {Isospin analysis of $CP$ asymmetries in $B$ decays},
  author = {Gronau, Michael and London, David},
  journal = {Phys. Rev. Lett.},
  volume = {65},
  issue = {27},
  pages = {3381--3384},
  numpages = {0},
  year = {1990},
  month = {Dec},
  publisher = {American Physical Society},
  doi = {10.1103/PhysRevLett.65.3381},
  url = {http://link.aps.org/doi/10.1103/PhysRevLett.65.3381},
  language = {english}
}

@COMMENT{PhysRevLett.108.171802}
@article{belle_sinbeta,
  title = {Precise Measurement of the $CP$ Violation Parameter $\sin 2\phi_1$ in $B^0\to (c\overline{c})K^0$ Decays},
  author = {Adachi, I. and Aihara, H. and Asner, D. M. and Aulchenko, V. and Aushev, T. and Aziz, T. 
            and Bakich, A. M. and Bay, A. and Bhardwaj, V. and Bhuyan, B. and Bischofberger, M. and Bondar, A. 
            and {etal}},
  collaboration = {The Belle Collaboration},
  journal = {Phys. Rev. Lett.},
  volume = {108},
  issue = {17},
  pages = {171802},
  numpages = {7},
  year = {2012},
  month = {Apr},
  publisher = {American Physical Society},
  doi = {10.1103/PhysRevLett.108.171802},
  url = {http://link.aps.org/doi/10.1103/PhysRevLett.108.171802},
  language = {english}
}

@COMMENT{PhysRevD.79.072009}
@article{babar_sinbeta,
  title = {Measurement of time-dependent $CP$ asymmetry in $B^0\to c\overline{c}K^{(*)0}$ decays},
  author = {Aubert, B. and Karyotakis, Y. and Lees, J. P. and Poireau, V. and Prencipe, E. and Prudent, X. 
            and Tisserand, V. and Tico, J. Garra and Grauges, E. and Lopez, L. and Palano, A. and Pappagallo, M. 
            and {etal}},
  collaboration = {BABAR Collaboration},
  journal = {Phys. Rev. D},
  volume = {79},
  issue = {7},
  pages = {072009},
  numpages = {13},
  year = {2009},
  month = {Apr},
  publisher = {American Physical Society},
  doi = {10.1103/PhysRevD.79.072009},
  url = {http://link.aps.org/doi/10.1103/PhysRevD.79.072009},
  language = {english}
}

@COMMENT{PhysRevLett.115.031601}
@article{lhcb_sinbeta,
  title = {Measurement of $CP$ Violation in $B^0\to J/\psi K_S^0$ Decays},
  author = {Aaij, R. and Adeva, B. and Adinolfi, M. and Affolder, A. and Ajaltouni, Z. and Akar, S. 
            and Albrecht, J. and Alessio, F. and Alexander, M. and Ali, S. and Alkhazov, G. 
            and {etal}},
  collaboration = {LHCb collaboration},
  journal = {Phys. Rev. Lett.},
  volume = {115},
  issue = {3},
  pages = {031601},
  numpages = {9},
  year = {2015},
  month = {Jul},
  publisher = {American Physical Society},
  doi = {10.1103/PhysRevLett.115.031601},
  url = {http://link.aps.org/doi/10.1103/PhysRevLett.115.031601},
  language = {english}
}

@COMMENT{PhysRevD.61.054009}
@article{btoddks_theory,
  title = {Measuring $\beta$ in $B\to D^{(*)+}D^{(*)-}K_s$ decays},
  author = {Browder, T. E. and Datta, A. and O'Donnell, P. J. and Pakvasa, S.},
  journal = {Phys. Rev. D},
  volume = {61},
  issue = {5},
  pages = {054009},
  numpages = {12},
  year = {2000},
  month = {Feb},
  publisher = {American Physical Society},
  doi = {10.1103/PhysRevD.61.054009},
  url = {http://link.aps.org/doi/10.1103/PhysRevD.61.054009},
  language = {english}
}

@COMMENT{PhysRevLett.115.121604}
@article{markus_bdh,
  title = {First Observation of $CP$ Violation in $\overline{B}{}^0\to D_{CP}^{(*)}h^0$ Decays by a Combined Time-Dependent Analysis of $BABAR$ and Belle Data},
  author = {Abdesselam, A. and Adachi, I. and Adametz, A. and Adye, T. and Ahmed, H. and Aihara, H. and Akar, S. 
            and Alam, M. S. and Albert, J. and Al Said, S. and Andreassen, R. and Angelini, C. and Anulli, F. 
            and {etal}},
  collaboration = {BaBar Collaboration and Belle Collaboration},
  journal = {Phys. Rev. Lett.},
  volume = {115},
  issue = {12},
  pages = {121604},
  numpages = {10},
  year = {2015},
  month = {Sep},
  publisher = {American Physical Society},
  doi = {10.1103/PhysRevLett.115.121604},
  url = {http://link.aps.org/doi/10.1103/PhysRevLett.115.121604},
  language = {english}
}

@COMMENT{Aaij2016117}
@article{lhcb_glw_ads,
  title = {Measurement of $CP$ observables in $B^{\pm}\to DK^{\pm}$ and $B^{\pm}\to D\pi^{\pm}$ with two- and four-body $D$ decays},
  journal = {Physics Letters B},
  volume = {760},
  pages = {117--131},
  year = {2016},
  issn = {0370-2693},
  doi = {10.1016/j.physletb.2016.06.022},
  url = {http://www.sciencedirect.com/science/article/pii/S0370269316302751},
  author = {R. Aaij and C. Abellán Beteta and B. Adeva and M. Adinolfi and Z. Ajaltouni and S. Akar 
            and J. Albrecht and F. Alessio and M. Alexander and S. Ali and G. Alkhazov and P. Alvarez Cartelle 
            and {etal}},
  language = {english}
}

@COMMENT{PhysRevD.82.072004}
@article{babar_glw,
  title = {Measurement of $CP$ observables in $B^{\pm}\to D_{CP}K^{\pm}$ decays and constraints on the CKM angle $\gamma$},
  author = {del Amo Sanchez, P. and Lees, J. P. and Poireau, V. and Prencipe, E. and Tisserand, V. 
            and Garra Tico, J. and Grauges, E. and Martinelli, M. and Palano, A. and Pappagallo, M. 
            and {etal}},
  journal = {Phys. Rev. D},
  volume = {82},
  issue = {7},
  pages = {072004},
  numpages = {20},
  year = {2010},
  month = {Oct},
  publisher = {American Physical Society},
  doi = {10.1103/PhysRevD.82.072004},
  url = {http://link.aps.org/doi/10.1103/PhysRevD.82.072004},
  language = {english}
}

@COMMENT{PhysRevD.81.031105}
@article{cdf_glw,
  title = {Measurements of branching fraction ratios and $CP$ asymmetries in $B^{\pm}\to D_{CP}K^{\pm}$ decays in hadron collisions},
  author = {Aaltonen, T. and Adelman, J. and Gonz\'alez, B. \'Alvarez and Amerio, S. and Amidei, D. 
            and Anastassov, A. and Annovi, A. and Antos, J. and Apollinari, G. and Apresyan, A. and Arisawa, T. 
            and {etal}},
  collaboration = {CDF Collaboration},
  journal = {Phys. Rev. D},
  volume = {81},
  issue = {3},
  pages = {031105},
  numpages = {9},
  year = {2010},
  month = {Feb},
  publisher = {American Physical Society},
  doi = {10.1103/PhysRevD.81.031105},
  url = {http://link.aps.org/doi/10.1103/PhysRevD.81.031105},
  language = {english}
}

@COMMENT{PhysRevD.84.091504}
@article{cdf_ads,
  title = {Measurements of branching fraction ratios and $CP$-asymmetries in suppressed $B^-\to D(\to K^+\pi^-)K^-$ and 
           $B^-\to D(\to K^+\pi^-)\pi^-$ decays},
  author = {Aaltonen, T. and \'Alvarez Gonz\'alez, B. and Amerio, S. and Amidei, D. and Anastassov, A. 
            and Annovi, A. and Antos, J. and Apollinari, G. and Appel, J. A. and Apresyan, A. and Arisawa, T. 
            and {etal}},
  collaboration = {CDF Collaboration},
  journal = {Phys. Rev. D},
  volume = {84},
  issue = {9},
  pages = {091504},
  numpages = {8},
  year = {2011},
  month = {Nov},
  publisher = {American Physical Society},
  doi = {10.1103/PhysRevD.84.091504},
  url = {http://link.aps.org/doi/10.1103/PhysRevD.84.091504},
  language = {english}
}

@COMMENT{PhysRevD.82.072006}
@article{babar_ads,
  title = {Search for $b\to u$ transitions in $B^-\to DK^-$ and $D^*K^-$ decays},
  author = {del Amo Sanchez, P. and Lees, J. P. and Poireau, V. and Prencipe, E. and Tisserand, V. 
            and Garra Tico, J. and Grauges, E. and Martinelli, M. and Palano, A. and Pappagallo, M. 
            and {etal}},
  collaboration = {The BABAR Collaboration},
  journal = {Phys. Rev. D},
  volume = {82},
  issue = {7},
  pages = {072006},
  numpages = {18},
  year = {2010},
  month = {Oct},
  publisher = {American Physical Society},
  doi = {10.1103/PhysRevD.82.072006},
  url = {http://link.aps.org/doi/10.1103/PhysRevD.82.072006},
  language = {english}
}

@COMMENT{PhysRevLett.106.231803}
@article{belle_ads,
  title = {Evidence for the Suppressed Decay $B^-\to DK^-$, $D\to K^+\pi^-$},
  author = {Horii, Y. and Trabelsi, K. and Yamamoto, H. and Adachi, I. and Aihara, H. and Arinstein, K. 
            and Aulchenko, V. and Aushev, T. and Balagura, V. and Barberio, E. and Belous, K. and Bhuyan, B.
            and {etal}},
  collaboration = {Belle Collaboration},
  journal = {Phys. Rev. Lett.},
  volume = {106},
  issue = {23},
  pages = {231803},
  numpages = {6},
  year = {2011},
  month = {Jun},
  publisher = {American Physical Society},
  doi = {10.1103/PhysRevLett.106.231803},
  url = {http://link.aps.org/doi/10.1103/PhysRevLett.106.231803},
  language = {english}
}

@unpublished{bondar,
  title = {Proceedings of BINP special meeting on Dalitz analysis},
  author = {Bondar, A.},
  month = {Sep},
  year = {2002},
  note = {unpublished},
  language = {english}
}

@COMMENT{PhysRevD.70.091503}
@article{bondar_gershon,
  title = {On $\phi_{3}$ measurements using $B^-\to D^*K^-$ decays},
  author = {Bondar, Alex and Gershon, Tim},
  journal = {Phys. Rev. D},
  volume = {70},
  issue = {9},
  pages = {091503},
  numpages = {3},
  year = {2004},
  month = {Nov},
  publisher = {American Physical Society},
  doi = {10.1103/PhysRevD.70.091503},
  url = {http://link.aps.org/doi/10.1103/PhysRevD.70.091503},
  language = {english}
}


@COMMENT{PhysRevD.68.054018}
@article{GGSZ,
  title = {Determining $\gamma$ using $B^{\pm}\to DK^{\pm}$ with multibody $D$ decays},
  author = {Giri, Anjan and Grossman, Yuval and Soffer, Abner and Zupan, Jure},
  journal = {Phys. Rev. D},
  volume = {68},
  issue = {5},
  pages = {054018},
  numpages = {9},
  year = {2003},
  month = {Sep},
  publisher = {American Physical Society},
  doi = {10.1103/PhysRevD.68.054018},
  url = {http://link.aps.org/doi/10.1103/PhysRevD.68.054018},
  language = {english}
}

@COMMENT{PhysRevLett.105.121801}
@article{babar_gamma_dalitz_model,
  title = {Evidence for Direct $CP$ Violation in the Measurement of the Cabbibo-Kobayashi-Maskawa Angle $\gamma$ with 
           $B^{\mp}\to D^{(*)}K^{(*)\mp}$ Decays},
  author = {del Amo Sanchez, P. and Lees, J. P. and Poireau, V. and Prencipe, E. and Tisserand, V. 
            and Garra Tico, J. and Grauges, E. and Martinelli, M. and Palano, A. and Pappagallo, M. 
            and {etal}},
  collaboration = {BABAR Collaboration},
  journal = {Phys. Rev. Lett.},
  volume = {105},
  issue = {12},
  pages = {121801},
  numpages = {7},
  year = {2010},
  month = {Sep},
  publisher = {American Physical Society},
  doi = {10.1103/PhysRevLett.105.121801},
  url = {http://link.aps.org/doi/10.1103/PhysRevLett.105.121801},
  language = {english}
}

@COMMENT{PhysRevD.81.112002}
@article{belle_gamma_dalitz_model,
  title = {Evidence for direct $CP$ violation in the decay $B^{\pm}\to D^{(*)}K^{\pm}$, $D\to K_S^0 \pi^+\pi^-$ and measurement of the CKM phase $\phi_3$},
  author = {Poluektov, A. and Bondar, A. and Yabsley, B. D. and Adachi, I. and Aihara, H. and Arinstein, K. 
            and Aulchenko, V. and Aushev, T. and Bakich, A. M. and Balagura, V. and Barberio, E. and Bay, A. 
            and {etal}},
  collaboration = {Belle Collaboration},
  journal = {Phys. Rev. D},
  volume = {81},
  issue = {11},
  pages = {112002},
  numpages = {12},
  year = {2010},
  month = {Jun},
  publisher = {American Physical Society},
  doi = {10.1103/PhysRevD.81.112002},
  url = {http://link.aps.org/doi/10.1103/PhysRevD.81.112002},
  language = {english}
}

@COMMENT{Aaij2014169}
@article{lhcb_gamma_dalitz_model,
  title = {Measurement of $CP$ violation and constraints on the $CKM$ angle $\gamma$ in $B^{\pm}\to DK^{\pm}$ with $D\to K_S^0\pi^+\pi^-$ decays},
  journal = {Nuclear Physics B},
  volume = {888},
  pages = {169--193},
  year = {2014},
  issn = {0550-3213},
  doi = {10.1016/j.nuclphysb.2014.09.015},
  url = {http://www.sciencedirect.com/science/article/pii/S0550321314002934},
  author = {R. Aaij and B. Adeva and M. Adinolfi and A. Affolder and Z. Ajaltouni and J. Albrecht 
            and F. Alessio and M. Alexander and S. Ali and G. Alkhazov and P. Alvarez Cartelle 
            and {etal}},
  language = {english}
}

@COMMENT{Aaij2014}
@article{lhcb_gamma_binned_dalitz,
  author={Aaij, R. and Adeva, B. and Adinolfi, M. and Affolder, A. and Ajaltouni, Z. and Akar, S. and Albrecht, J. 
        and Alessio, F. and Alexander, M. and Ali, S. and Alkhazov, G. and Alvarez Cartelle, P. and Alves, A. A.
        and {etal}},
  title={Measurement of the CKM angle $\gamma$ using $B^{\pm}\to DK^{\pm}$ with $D\to K_S^0\pi^+\pi^-$, $K_S^0K^+K^-$ decays},
  journal={Journal of High Energy Physics},
  year={2014},
  volume={2014},
  number={10},
  pages={1--32},
  issn={1029-8479},
  doi={10.1007/JHEP10(2014)097},
  url={10.1007/JHEP10(2014)097},
  language = {english}
}

@COMMENT{LHCB-CONF-2014-004}
@article{lhcb_gamma,
  title = {Improved constraints on $\gamma$: CKM2014 update},
  collaboration = {LHCb Collaboration},
  month = {Sep},
  year = {2014},
  reportNumber = {LHCB-CONF-2014-004},
  url = {http://cds.cern.ch/record/1755256},
  language = {english}
}

@COMMENT{Trabelsi:2013uj}
@inproceedings{belle_gamma,
  author = {Trabelsi, K.},
  title = {Study of direct $CP$ in charmed $B$ decays and measurement of the CKM angle $\gamma$ at Belle},
  booktitle = {7th International Workshop on the CKM Unitarity Triangle (CKM 2012) Cincinnati, Ohio, USA, September 28-October 2, 2012},
  collaboration = {Belle},
  url = {https://inspirehep.net/record/1210029/files/arXiv:1301.2033.pdf},
  year = {2013},
  eprint = {1301.2033},
  archivePrefix = {arXiv},
  primaryClass = {hep-ex},
  SLACcitation = {%%CITATION = ARXIV:1301.2033;%%},
  language = {english}
}

@COMMENT{PhysRevD.87.052015}
@article{babar_gamma,
  title = {Observation of direct $CP$ violation in the measurement of the Cabibbo-Kobayashi-Maskawa angle $\gamma$ with $B^{\pm}\to D^{(*)}K^{(*)\pm}$ decays},
  author = {Lees, J. P. and Poireau, V. and Tisserand, V. and Grauges, E. and Palano, A. and Eigen, G. 
            and Stugu, B. and Brown, D. N. and Kerth, L. T. and Kolomensky, Yu. G. and Lynch, G. 
            and {etal}},
  collaboration = {BABAR Collaboration},
  journal = {Phys. Rev. D},
  volume = {87},
  issue = {5},
  pages = {052015},
  numpages = {12},
  year = {2013},
  month = {Mar},
  publisher = {American Physical Society},
  doi = {10.1103/PhysRevD.87.052015},
  url = {http://link.aps.org/doi/10.1103/PhysRevD.87.052015},
  language = {english}
}

@COMMENT{PhysRevD.85.112010}
@article{babar_btokkk,
  title = {Study of $CP$ violation in Dalitz-plot analyses of $B^0\to K^+K^-K_S^0$, $B^+\to K^+K^-K^+$, and $B^+\to K_S^0K_S^0K^+$},
  author = {Lees, J. P. and Poireau, V. and Tisserand, V. and Garra Tico, J. and Grauges, E. 
            and Milanes, D. A. and Palano, A. and Pappagallo, M. and Eigen, G. and Stugu, B. 
            and {etal}},
  collaboration = {BABAR Collaboration},
  journal = {Phys. Rev. D},
  volume = {85},
  issue = {11},
  pages = {112010},
  numpages = {31},
  year = {2012},
  month = {Jun},
  publisher = {American Physical Society},
  doi = {10.1103/PhysRevD.85.112010},
  url = {http://link.aps.org/doi/10.1103/PhysRevD.85.112010},
  language = {english}
}

@COMMENT{Aaij201485}
@article{lhcb_btokkk,
  title = {Measurement of the charge asymmetry in and search for decays},
  journal = {Physics Letters B},
  volume = {728},
  pages = {85--94},
  year = {2014},
  issn = {0370-2693},
  doi = {10.1016/j.physletb.2013.11.036},
  url = {http://www.sciencedirect.com/science/article/pii/S0370269313009398},
  author = {R. Aaij and B. Adeva and M. Adinolfi and C. Adrover and A. Affolder and Z. Ajaltouni 
            and J. Albrecht and F. Alessio and M. Alexander and S. Ali and G. Alkhazov and P. Alvarez Cartelle 
            and {etal}},
  language = {english}
}

@COMMENT{PhysRevLett.97.061802}
@article{belle_btoetapk,
  title = {Evidence for $B\to\eta^{\prime}\pi$ and Improved Measurements for $B\to \eta^{\prime}K$},
  author = {Sch\"umann, J. and Wang, C. H. and Abe, K. and Adachi, I. and Aihara, H. and Anipko, D. 
            and Arinstein, K. and Asano, Y. and Aushev, T. and Bakich, A. M. and Balagura, V. and Barberio, E. 
            and {etal}},
  collaboration = {Belle Collaboration},
  journal = {Phys. Rev. Lett.},
  volume = {97},
  issue = {6},
  pages = {061802},
  numpages = {6},
  year = {2006},
  month = {Aug},
  publisher = {American Physical Society},
  doi = {10.1103/PhysRevLett.97.061802},
  url = {http://link.aps.org/doi/10.1103/PhysRevLett.97.061802},
  language = {english}
}

@COMMENT{PhysRevD.80.112002}
@article{babar_btoetap,
  title = {$B$ meson decays to charmless meson pairs containing $\eta$ or $\eta^{\prime}$ mesons},
  author = {Aubert, B. and Karyotakis, Y. and Lees, J. P. and Poireau, V. and Prencipe, E. and Prudent, X. 
            and Tisserand, V. and Garra Tico, J. and Grauges, E. and Martinelli, M. and Palano, A. 
            and {etal}},
  collaboration = {BABAR Collaboration},
  journal = {Phys. Rev. D},
  volume = {80},
  issue = {11},
  pages = {112002},
  numpages = {11},
  year = {2009},
  month = {Dec},
  publisher = {American Physical Society},
  doi = {10.1103/PhysRevD.80.112002},
  url = {http://link.aps.org/doi/10.1103/PhysRevD.80.112002},
  language = {english}
}

@COMMENT{PhysRevD.87.031103}
@article{belle_btohh,
  title = {Measurements of branching fractions and direct $CP$ asymmetries for $B\to K\pi$, $B\to \pi\pi$ and $B\to KK$ decays},
  author = {Duh, Y.-T. and Wu, T.-Y. and Chang, P. and Mohanty, G. B. and Unno, Y. and Adachi, I. and Aihara, H. 
            and Asner, D. M. and Aulchenko, V. and Aushev, T. and Aziz, T. and Bakich, A. M. and Bhuyan, B. 
            and {etal}},
  collaboration = {The Belle Collaboration},
  journal = {Phys. Rev. D},
  volume = {87},
  issue = {3},
  pages = {031103},
  numpages = {8},
  year = {2013},
  month = {Feb},
  publisher = {American Physical Society},
  doi = {10.1103/PhysRevD.87.031103},
  url = {http://link.aps.org/doi/10.1103/PhysRevD.87.031103},
  language = {english}
}

@COMMENT{PhysRevLett.97.171805}
@article{babar_btokk,
  title = {Observation of $B^+\to\overline{K}{}^0K^+$ and $B^0\to K^0\overline{K}{}^0$},
  author = {Aubert, B. and Bona, M. and Boutigny, D. and Couderc, F. and Karyotakis, Y. and Lees, J. P. 
            and Poireau, V. and Tisserand, V. and Zghiche, A. and Grauges, E. and Palano, A. and Chen, J. C. 
            and {etal}},
  collaboration = {BABAR Collaboration},
  journal = {Phys. Rev. Lett.},
  volume = {97},
  issue = {17},
  pages = {171805},
  numpages = {7},
  year = {2006},
  month = {Oct},
  publisher = {American Physical Society},
  doi = {10.1103/PhysRevLett.97.171805},
  url = {http://link.aps.org/doi/10.1103/PhysRevLett.97.171805},
  language = {english}
}

@COMMENT{Aaij2013646}
@article{lhcb_btokk,
  title = {Branching fraction and $CP$ asymmetry of the decays $B^+\to K_S^0\pi^+$ and $B^+\to K_S^0K^+$},
  journal = {Physics Letters B},
  volume = {726},
  number = {4--5},
  pages = {646--655},
  year = {2013},
  issn = {0370-2693},
  doi = {10.1016/j.physletb.2013.09.046},
  url = {http://www.sciencedirect.com/science/article/pii/S0370269313007776},
  author = {R. Aaij and B. Adeva and M. Adinolfi and C. Adrover and A. Affolder and Z. Ajaltouni and J. Albrecht 
            and F. Alessio and M. Alexander and S. Ali and G. Alkhazov and P. Alvarez Cartelle and A.A. Alves Jr 
            and {etal}},
  language = {english}
}

@COMMENT{Charles2005}
@Article{ckmfitter,
  author = {Charles, J. and H{\"o}cker, A. and Lacker, H. and Laplace, S. and Le Diberder, F. R. and Malcl{\'e}s, J.
            and Ocariz, J. and Pivk, M. and Roos, L.},
  title = {$CP$ violation and the CKM matrix: assessing the impact of the asymmetric $B$ factories},
  journal = {The European Physical Journal C - Particles and Fields},
  year = {2005},
  note = {updated results and plots available at: http://ckmfitter.in2p3.fr},
  volume = {41},
  number = {1},
  pages = {1--131},
  issn = {1434-6052},
  doi = {10.1140/epjc/s2005-02169-1},
  url = {http://dx.doi.org/10.1140/epjc/s2005-02169-1},
  language = {english}
}

@COMMENT{Bona:2006ah}
@article{utfit,
  author = {Bona, M. and others},
  title = {The Unitarity Triangle Fit in the Standard Model and Hadronic Parameters from Lattice QCD: A Reappraisal after the Measurements of $\Delta m(s)$ and $Br(B \to \tau\nu_{\tau})$},
  collaboration = {UTfit},
  journal = {JHEP},
  volume = {10},
  year = {2006},
  pages = {081},
  doi = {10.1088/1126-6708/2006/10/081},
  eprint = {hep-ph/0606167},
  archivePrefix = {arXiv},
  primaryClass = {hep-ph},
  SLACcitation = {%%CITATION = HEP-PH/0606167;%%},
  note = {updated results and plots available at: http://www.utfit.org/UTfit/},
  language = {english}
}

@COMMENT{PhysRevD.79.052003}
@article{babar_betaeff,
  title = {Measurement of time dependent $CP$ asymmetry parameters in $B^0$ meson decays to $\omega K_S^0$, $\eta^{\prime}K^0$, and $\pi^0 K_S^0$},
  author = {Aubert, B. and Bona, M. and Karyotakis, Y. and Lees, J. P. and Poireau, V. and Prencipe, E. 
            and Prudent, X. and Tisserand, V. and Tico, J. Garra and Grauges, E. and Lopez, L. and Palano, A. 
            and {etal}},
  collaboration = {BABAR Collaboration},
  journal = {Phys. Rev. D},
  volume = {79},
  issue = {5},
  pages = {052003},
  numpages = {16},
  year = {2009},
  month = {Mar},
  publisher = {American Physical Society},
  doi = {10.1103/PhysRevD.79.052003},
  url = {http://link.aps.org/doi/10.1103/PhysRevD.79.052003},
  language = {english}
}

@COMMENT{Santelj2014}
@Article{belle_betaeff,
  author = {{\v{S}}antelj, L. and Yusa, Y. and Abdesselam, A. and Adachi, I. and Aihara, H. and Al Said, S. 
          and Asner, D. M. and Aulchenko, V. and Aushev, T.  and Ayad, R. and Bahinipati, S. and Bakich, A. M. 
          and {etal}},
  title = {Measurement of time-dependent CP violation in $B^0\to\eta^{\prime}K^0$ decays},
  journal = {Journal of High Energy Physics},
  year = {2014},
  volume = {2014},
  number = {10},
  pages = {1 -- 20},
  issn = {1029-8479},
  doi = {10.1007/JHEP10(2014)165},
  url = {http://dx.doi.org/10.1007/JHEP10(2014)165},
  language = {english}
}

@COMMENT{PhysRevD.82.073011}
@article{belle_betaeff2,
  title = {Measurement of $CP$ violating asymmetries in $B^0\to K^+K^-K_S^0$ decays with a time-dependent Dalitz approach},
  author = {Nakahama, Y. and Sumisawa, K. and Aihara, H. and Arinstein, K. and Aushev, T. and Aziz, T. 
            and Bakich, A. M. and Balagura, V. and Belous, K. and Bhardwaj, V. and Bischofberger, M. and Bondar, A. 
            and {etal}},
  collaboration = {The Belle Collaboration},
  journal = {Phys. Rev. D},
  volume = {82},
  issue = {7},
  pages = {073011},
  numpages = {12},
  year = {2010},
  month = {Oct},
  publisher = {American Physical Society},
  doi = {10.1103/PhysRevD.82.073011},
  url = {http://link.aps.org/doi/10.1103/PhysRevD.82.073011},
  language = {english}
}

@COMMENT{doi:10.1146/annurev-nucl-102014-022231}
@article{tim,
  author = {T. Blake and T. Gershon and G. Hiller},
  title = {Rare $b$ Hadron Decays at the LHC},
  journal = {Annual Review of Nuclear and Particle Science},
  volume = {65},
  number = {1},
  pages = {113--143},
  year = {2015},
  doi = {10.1146/annurev-nucl-102014-022231},
  url = {http://dx.doi.org/10.1146/annurev-nucl-102014-022231},
  eprint = {http://dx.doi.org/10.1146/annurev-nucl-102014-022231},
  language = {english}
}

@COMMENT{PhysRevD.90.092001}
@article{babar_btoxsgamma,
  title = {Measurements of direct $CP$ asymmetries in $B\to X_s\gamma$ decays using sum of exclusive decays},
  author = {Lees, J. P. and Poireau, V. and Tisserand, V. and Grauges, E. and Palano, A. and Eigen, G. 
            and Stugu, B. and Brown, D. N. and Kerth, L. T. and Kolomensky, Yu. G. and Lee, M. J. and Lynch, G. 
            and {etal}},
  collaboration = {BABAR Collaboration},
  journal = {Phys. Rev. D},
  volume = {90},
  issue = {9},
  pages = {092001},
  numpages = {12},
  year = {2014},
  month = {Nov},
  publisher = {American Physical Society},
  doi = {10.1103/PhysRevD.90.092001},
  url = {http://link.aps.org/doi/10.1103/PhysRevD.90.092001},
  language = {english}
}

@COMMENT{PhysRevLett.112.211802}
@article{babar_btoxsll,
  title = {Measurement of the $B\to X_s\ell^+\ell^-$ Branching Fraction and Search for Direct $CP$ Violation from a Sum of Exclusive Final States},
  author = {Lees, J. P. and Poireau, V. and Tisserand, V. and Grauges, E. and Palano, A. and Eigen, G. 
            and Stugu, B. and Brown, D. N. and Kerth, L. T. and Kolomensky, Yu. G. and Lee, M. J. and Lynch, G. 
            and {etal}},
  collaboration = {BaBar Collaboration},
  journal = {Phys. Rev. Lett.},
  volume = {112},
  issue = {21},
  pages = {211802},
  numpages = {8},
  year = {2014},
  month = {May},
  publisher = {American Physical Society},
  doi = {10.1103/PhysRevLett.112.211802},
  url = {http://link.aps.org/doi/10.1103/PhysRevLett.112.211802},
  language = {english}
}

@COMMENT{PhysRevLett.103.211802}
@article{babar_bsgamma,
  title = {Measurement of $B\to K^*(892)\gamma$ Branching Fractions and $CP$ and Isospin Asymmetries},
  author = {Aubert, B. and Karyotakis, Y. and Lees, J. P. and Poireau, V. and Prencipe, E. and Prudent, X. 
            and Tisserand, V. and Garra Tico, J. and Grauges, E. and Martinelli, M. and Palano, A. 
            and {etal}},
  collaboration = {BABAR Collaboration},
  journal = {Phys. Rev. Lett.},
  volume = {103},
  issue = {21},
  pages = {211802},
  numpages = {7},
  year = {2009},
  month = {Nov},
  publisher = {American Physical Society},
  doi = {10.1103/PhysRevLett.103.211802},
  url = {http://link.aps.org/doi/10.1103/PhysRevLett.103.211802},
  language = {english}
}

@COMMENT{Aaij20131}
@article{lhcb_bsgamma,
  title = {Measurement of the ratio of branching fractions $\mathcal{B}(B^0\to K^{*0}\gamma)/\mathcal{B}(B_s^0\to\phi\gamma)$ and the direct $CP$ asymmetry in $B^0\to K^{*0}\gamma$},
  journal = {Nuclear Physics B},
  volume = {867},
  number = {1},
  pages = {1--18},
  year = {2013},
  issn = {0550-3213},
  doi = {10.1016/j.nuclphysb.2012.09.013},
  url = {http://www.sciencedirect.com/science/article/pii/S055032131200524X},
  author = {R. Aaij and C. Abellan Beteta and A. Adametz and B. Adeva and M. Adinolfi and C. Adrover 
            and A. Affolder and Z. Ajaltouni and J. Albrecht and F. Alessio and M. Alexander and S. Ali 
            and {etal}},
  language = {english}
}

@COMMENT{Aaij2014}
@article{lhcb_btokstmumu,
  author = {Aaij, R. and Adeva, B. and Adinolfi, M. and Affolder, A. and Ajaltouni, Z. and Akar, S. and Albrecht, J.
            and Alessio, F. and Alexander, M. and Ali, S. and Alkhazov, G. and Cartelle, P. Alvarez and Alves, A. A. 
            and {etal}},
  title = {Measurement of CP asymmetries in the decays $B^0\to K^{*0}\mu^+\mu^-$ and $B^+\to K^+\mu^+\mu^-$},
  journal = {Journal of High Energy Physics},
  year = {2014},
  volume = {2014},
  number = {9},
  pages = {1--18},
  issn = {1029-8479},
  doi = {10.1007/JHEP09(2014)177},
  url = {http://dx.doi.org/10.1007/JHEP09(2014)177},
  language = {english}
}

@COMMENT{Aaij2016}
@article{lhcb_btokstmumu_angular,
  author = {Aaij, R. and Abell{\'a}n Beteta, C. and Adeva, B. and Adinolfi, M. and Affolder, A. and Ajaltouni, Z.
            and Akar, S. and Albrecht, J. and Alessio, F. and Alexander, M. and Ali, S. and Alkhazov, G. 
            and {etal}},
  title = {Angular analysis of the $B^0\to K^{*0}\mu^+\mu^-$ decay using $3$ fb${}^{-1}$ of integrated luminosity},
  journal = {Journal of High Energy Physics},
  year = {2016},
  volume = {2016},
  number = {2},
  pages = {1--79},
  issn = {1029-8479},
  doi = {10.1007/JHEP02(2016)104},
  url = {http://dx.doi.org/10.1007/JHEP02(2016)104},
  language = {english}
}

@COMMENT{PhysRevLett.79.185}
@article{gamma_polar_theory1,
  title = {Mixing-Induced $CP$ Asymmetries in Radiative $B$ Decays in and beyond the Standard Model},
  author = {Atwood, David and Gronau, Michael and Soni, Amarjit},
  journal = {Phys. Rev. Lett.},
  volume = {79},
  issue = {2},
  pages = {185--188},
  numpages = {0},
  year = {1997},
  month = {Jul},
  publisher = {American Physical Society},
  doi = {10.1103/PhysRevLett.79.185},
  url = {http://link.aps.org/doi/10.1103/PhysRevLett.79.185},
  language = {english}
}

@COMMENT{PhysRevD.71.076003}
@article{gamma_polar_theory2,
  title = {Mixing-induced $CP$ violation in $B\to P_1P_2\gamma$ in search of clean new physics signals},
  author = {Atwood, David and Gershon, Tim and Hazumi, Masashi and Soni, Amarjit},
  journal = {Phys. Rev. D},
  volume = {71},
  issue = {7},
  pages = {076003},
  numpages = {12},
  year = {2005},
  month = {Apr},
  publisher = {American Physical Society},
  doi = {10.1103/PhysRevD.71.076003},
  url = {http://link.aps.org/doi/10.1103/PhysRevD.71.076003},
  language = {english}
}

@COMMENT{PhysRevD.74.111104}
@article{belle_photon_polar,
  title = {Time-dependent $CP$ asymmetries in $B^0\to K_s^0\pi^0\gamma$ transitions},
  author = {Ushiroda, Y. and Sumisawa, K. and Abe, K. and Abe, K. and Adachi, I. and Aihara, H. and Anipko, D. 
            and Arinstein, K. and Bakich, A. M. and Barberio, E. and Barbero, M. and Bay, A. and Bedny, I. 
            and {etal}},
  collaboration = {Belle Collaboration},
  journal = {Phys. Rev. D},
  volume = {74},
  issue = {11},
  pages = {111104},
  numpages = {6},
  year = {2006},
  month = {Dec},
  publisher = {American Physical Society},
  doi = {10.1103/PhysRevD.74.111104},
  url = {http://link.aps.org/doi/10.1103/PhysRevD.74.111104},
  language = {english}
}

@COMMENT{PhysRevD.78.071102}
@article{babar_photon_polar,
  title = {Measurement of time-dependent $CP$ asymmetry in $B^0\to K_S^0\pi^0\gamma$ decays},
  author = {Aubert, B. and Bona, M. and Karyotakis, Y. and Lees, J. P. and Poireau, V. and Prencipe, E. 
            and Prudent, X. and Tisserand, V. and Tico, J. Garra and Grauges, E. and Lopez, L. and Palano, A. 
            and {etal}},
  collaboration = {BABAR Collaboration},
  journal = {Phys. Rev. D},
  volume = {78},
  issue = {7},
  pages = {071102},
  numpages = {8},
  year = {2008},
  month = {Oct},
  publisher = {American Physical Society},
  doi = {10.1103/PhysRevD.78.071102},
  url = {http://link.aps.org/doi/10.1103/PhysRevD.78.071102},
  language = {english}
}

@COMMENT{PhysRevLett.101.251601}
@article{belle_photon_polar2,
  title = {Measurement of the Time-Dependent $CP$ Asymmetries in $B^0\to K_S^0\rho^0\gamma$ Decays},
  author = {Li, J. and Adachi, I. and Arinstein, K. and Aushev, T. and Bakich, A. M. and Balagura, V. 
            and Bedny, I. and Bhardwaj, V. and Bitenc, U. and Bozek, A. 
            and {etal}},
  collaboration = {Belle Collaboration},
  journal = {Phys. Rev. Lett.},
  volume = {101},
  issue = {25},
  pages = {251601},
  numpages = {6},
  year = {2008},
  month = {Dec},
  publisher = {American Physical Society},
  doi = {10.1103/PhysRevLett.101.251601},
  url = {http://link.aps.org/doi/10.1103/PhysRevLett.101.251601},
  language = {english}
}

@COMMENT{PhysRevD.93.052013}
@article{babar_photon_polar2,
  title = {Time-dependent analysis of $B^0\to K_S^0\pi^-\pi^+\gamma$ decays and studies of the $K^+\pi^-\pi^+$ system in $B^+\to K^+\pi^-\pi^+\gamma$ decays},
  author = {del Amo Sanchez, P. and Lees, J. P. and Poireau, V. and Tisserand, V. and Grauges, E. and Palano, A. 
            and Eigen, G. and Stugu, B. and Brown, D. N. and Kerth, L. T. and Kolomensky, Yu. G. and Lee, M. J. 
            and {etal}},
  collaboration = {BABAR Collaboration},
  journal = {Phys. Rev. D},
  volume = {93},
  issue = {5},
  pages = {052013},
  numpages = {29},
  year = {2016},
  month = {Mar},
  publisher = {American Physical Society},
  doi = {10.1103/PhysRevD.93.052013},
  url = {http://link.aps.org/doi/10.1103/PhysRevD.93.052013},
  language = {english}
}

@COMMENT{PhysRevLett.110.221601}
@article{lhcb_btokpi_cpv,
  title = {First Observation of $CP$ Violation in the Decays of $B_s^0$ Mesons},
  author = {Aaij, R. and Abellan Beteta, C. and Adeva, B. and Adinolfi, M. and Adrover, C. and Affolder, A. 
            and Ajaltouni, Z. and Albrecht, J. and Alessio, F. and Alexander, M. and Ali, S. and Alkhazov, G. 
            and {etal}},
  collaboration = {LHCb Collaboration},
  journal = {Phys. Rev. Lett.},
  volume = {110},
  issue = {22},
  pages = {221601},
  numpages = {9},
  year = {2013},
  month = {May},
  publisher = {American Physical Society},
  doi = {10.1103/PhysRevLett.110.221601},
  url = {http://link.aps.org/doi/10.1103/PhysRevLett.110.221601},
  language = {english}
}

@COMMENT{PhysRevLett.113.242001}
@article{cdf_btohh_cpv,
  title = {Measurements of Direct $CP$-Violating Asymmetries in Charmless Decays of Bottom Baryons},
  author = {Aaltonen, T. and Amerio, S. and Amidei, D. and Anastassov, A. and Annovi, A. and Antos, J. 
            and Apollinari, G. and Appel, J. A. and Arisawa, T. and Artikov, A. and Asaadi, J. and Ashmanskas, W. 
            and {etal}},
  collaboration = {CDF Collaboration},
  journal = {Phys. Rev. Lett.},
  volume = {113},
  issue = {24},
  pages = {242001},
  numpages = {8},
  year = {2014},
  month = {Dec},
  publisher = {American Physical Society},
  doi = {10.1103/PhysRevLett.113.242001},
  url = {http://link.aps.org/doi/10.1103/PhysRevLett.113.242001},
  language = {english}
}

@COMMENT{PhysRevD.90.112004}
@article{lhcb_btohhh_cpv,
  title = {Measurements of $CP$ violation in the three-body phase space of charmless $B^{\pm}$ decays},
  author = {Aaij, R. and Adeva, B. and Adinolfi, M. and Affolder, A. and Ajaltouni, Z. and Akar, S. 
            and Albrecht, J. and Alessio, F. and Alexander, M. and Ali, S. and Alkhazov, G. 
            and {etal}},
  collaboration = {LHCb Collaboration},
  journal = {Phys. Rev. D},
  volume = {90},
  issue = {11},
  pages = {112004},
  numpages = {17},
  year = {2014},
  month = {Dec},
  publisher = {American Physical Society},
  doi = {10.1103/PhysRevD.90.112004},
  url = {http://link.aps.org/doi/10.1103/PhysRevD.90.112004},
  language = {english}
}

@COMMENT{PhysRevD.76.091102}
@article{babar_btohh,
  title = {Study of $B^0\to\pi^0\pi^0$, $B^{\pm}\to\pi^{\pm}\pi^0$, and $B^{\pm}\to K^{\pm}\pi^0$ decays, and isospin analysis of $B\to\pi\pi$ decays},
  author = {Aubert, B. and Bona, M. and Boutigny, D. and Karyotakis, Y. and Lees, J. P. and Poireau, V. 
            and Prudent, X. and Tisserand, V. and Zghiche, A. and Tico, J. Garra and Grauges, E. 
            and {etal}},
  collaboration = {BABAR Collaboration},
  journal = {Phys. Rev. D},
  volume = {76},
  issue = {9},
  pages = {091102},
  numpages = {9},
  year = {2007},
  month = {Nov},
  publisher = {American Physical Society},
  doi = {10.1103/PhysRevD.76.091102},
  url = {http://link.aps.org/doi/10.1103/PhysRevD.76.091102},
  language = {english}
}

@COMMENT{PhysRevD.76.052007}
@article{babar_btorhoprho,
  title = {Study of $B^0\to \rho^+\rho^-$ decays and constraints on the CKM angle $\alpha$},
  author = {Aubert, B. and Bona, M. and Boutigny, D. and Karyotakis, Y. and Lees, J. P. and Poireau, V. 
            and Prudent, X. and Tisserand, V. and Zghiche, A. and Tico, J. Garra and Grauges, E. and Lopez, L. 
            and {etal}},
  collaboration = {BABAR Collaboration},
  journal = {Phys. Rev. D},
  volume = {76},
  issue = {5},
  pages = {052007},
  numpages = {21},
  year = {2007},
  month = {Sep},
  publisher = {American Physical Society},
  doi = {10.1103/PhysRevD.76.052007},
  url = {http://link.aps.org/doi/10.1103/PhysRevD.76.052007},
  language = {english}
}

@COMMENT{PhysRevD.93.032010}
@article{belle_btorhoprho,
  title = {Study of $B^0\to\rho^+\rho^-$ decays and implications for the CKM angle $\phi_2$},
  author = {Vanhoefer, P. and Dalseno, J. and Kiesling, C. and Abdesselam, A. and Adachi, I. and Aihara, H. 
            and Al Said, S. and Arinstein, K. and Asner, D. M. and Atmacan, H. and Aushev, T. and Aziz, T. 
            and {etal}},
  collaboration = {Belle Collaboration},
  journal = {Phys. Rev. D},
  volume = {93},
  issue = {3},
  pages = {032010},
  numpages = {20},
  year = {2016},
  month = {Feb},
  publisher = {American Physical Society},
  doi = {10.1103/PhysRevD.93.032010},
  url = {http://link.aps.org/doi/10.1103/PhysRevD.93.032010},
  language = {english}
}

@COMMENT{Vanhoefer:2014mfa}
@inproceedings{belle_pit_alpha,
  author = {Vanhoefer, Pit},
  title = {Results on $\phi_2$ from Belle},
  booktitle = {8th International Workshop on the CKM Unitarity Triangle (CKM 2014) Vienna, Austria, September 8-12, 2014},
  collaboration = {Belle},
  url = {https://inspirehep.net/record/1323074/files/arXiv:1410.5700.pdf},
  year = {2014},
  eprint = {1410.5700},
  archivePrefix = {arXiv},
  primaryClass = {hep-ex},
  SLACcitation = {%%CITATION = ARXIV:1410.5700;%%},
  language = {english}
}

@COMMENT{PhysRevLett.98.221602}
@article{belle_rhopi,
  title = {Measurement of $CP$ Asymmetry in a Time-Dependent Dalitz Analysis of $B^0\to(\rho\pi)^0$ and a Constraint on the Quark Mixing Matrix Angle $\phi_2$},
  author = {Kusaka, A. and Wang, C. C. and Ishino, H. and Abe, K. and Abe, K. and Adachi, I. and Aihara, H. 
            and Anipko, D. and Aulchenko, V. and Aushev, T. and Bakich, A. M. and Barberio, E. and Bay, A. 
            and {etal}},
  collaboration = {Belle Collaboration},
  journal = {Phys. Rev. Lett.},
  volume = {98},
  issue = {22},
  pages = {221602},
  numpages = {6},
  year = {2007},
  month = {Jun},
  publisher = {American Physical Society},
  doi = {10.1103/PhysRevLett.98.221602},
  url = {http://link.aps.org/doi/10.1103/PhysRevLett.98.221602},
  language = {english}
}

@COMMENT{PhysRevD.77.072001}
@article{belle_rhopi_prd,
  title = {Measurement of $CP$ asymmetries and branching fractions in a time-dependent Dalitz analysis of $B^0\to(\rho\pi)^0$ and a constraint on the quark mixing angle $\phi_2$},
  author = {Kusaka, A. and Wang, C. C. and Adachi, I. and Aihara, H. and Arinstein, K. and Aulchenko, V. 
            and Aushev, T. and Bakich, A. M. and Balagura, V. and Barberio, E. and Bedny, I. and Belous, K. 
            and {etal}},
  collaboration = {Belle Collaboration},
  journal = {Phys. Rev. D},
  volume = {77},
  issue = {7},
  pages = {072001},
  numpages = {25},
  year = {2008},
  month = {Apr},
  publisher = {American Physical Society},
  doi = {10.1103/PhysRevD.77.072001},
  url = {http://link.aps.org/doi/10.1103/PhysRevD.77.072001},
  language = {english}
}

@COMMENT{PhysRevD.88.012003}
@article{babar_rhopi,
  title = {Measurement of $CP$-violating asymmetries in $B^0\to(\rho\pi)^0$ decays using a time-dependent Dalitz plot analysis},
  author = {Lees, J. P. and Poireau, V. and Tisserand, V. and Grauges, E. and Palano, A. and Eigen, G. 
            and Stugu, B. and Brown, D. N. and Kerth, L. T. and Kolomensky, Yu. G. and Lynch, G. and Koch, H. 
            and {etal}},
  collaboration = {BABAR Collaboration},
  journal = {Phys. Rev. D},
  volume = {88},
  issue = {1},
  pages = {012003},
  numpages = {26},
  year = {2013},
  month = {Jul},
  publisher = {American Physical Society},
  doi = {10.1103/PhysRevD.88.012003},
  url = {http://link.aps.org/doi/10.1103/PhysRevD.88.012003},
  language = {english}
}

@COMMENT{PhysRev.94.1046}
@article{dalitz,
  title = {Decay of $\tau$ Mesons of Known Charge},
  author = {Dalitz, R. H.},
  journal = {Phys. Rev.},
  volume = {94},
  issue = {4},
  pages = {1046--1051},
  numpages = {0},
  year = {1954},
  month = {May},
  publisher = {American Physical Society},
  doi = {10.1103/PhysRev.94.1046},
  url = {http://link.aps.org/doi/10.1103/PhysRev.94.1046},
  language = {english}
}

@COMMENT{Bondar20051}
@article{bondar_gershon_krokovny,
  title = {A method to measure using $B^0\to D^{(*)}h^0$ with multibody D decay},
  journal = {Physics Letters B},
  volume = {624},
  number = {1--2},
  pages = {1--10},
  year = {2005},
  issn = {0370-2693},
  doi = {10.1016/j.physletb.2005.07.053},
  url = {http://www.sciencedirect.com/science/article/pii/S0370269305010440},
  author = {Alex Bondar and Tim Gershon and Pavel Krokovny},
  language = {english}
}

@COMMENT{doi:10.1142/S0217751X06034902}
@article{petrov_charm,
  author = {Petrov, Alexey A.},
  title = {Charm mixing in the standard model and beyond},
  journal = {International Journal of Modern Physics A},
  volume = {21},
  number = {27},
  pages = {5686-5693},
  year = {2006},
  doi = {10.1142/S0217751X06034902},
  URL = {http://www.worldscientific.com/doi/abs/10.1142/S0217751X06034902},
  eprint = {http://www.worldscientific.com/doi/pdf/10.1142/S0217751X06034902},
  language = {english}
}

@COMMENT{PhysRevD.65.054034}
@article{charm_mixing_theory1,
  title = {$\mathrm{SU}(3)$ breaking and $D^0$-$\overline{D}{}^{0}$ mixing},
  author = {Falk, Adam F. and Grossman, Yuval and Ligeti, Zoltan and Petrov, Alexey A.},
  journal = {Phys. Rev. D},
  volume = {65},
  issue = {5},
  pages = {054034},
  numpages = {11},
  year = {2002},
  month = {Feb},
  publisher = {American Physical Society},
  doi = {10.1103/PhysRevD.65.054034},
  url = {http://link.aps.org/doi/10.1103/PhysRevD.65.054034},
  language = {english}
}

@COMMENT{PhysRevD.69.114021}
@article{charm_mixing_theory2,
  title = {$D^0$-$\overline{D}{}^{0}$ mass difference from a dispersion relation},
  author = {Falk, Adam F. and Grossman, Yuval and Ligeti, Zoltan and Nir, Yosef and Petrov, Alexey A.},
  journal = {Phys. Rev. D},
  volume = {69},
  issue = {11},
  pages = {114021},
  numpages = {8},
  year = {2004},
  month = {Jun},
  publisher = {American Physical Society},
  doi = {10.1103/PhysRevD.69.114021},
  url = {http://link.aps.org/doi/10.1103/PhysRevD.69.114021},
  language = {english}
}

@COMMENT{PhysRevD.89.091103}
@article{peng_mixing,
  title = {Measurement of $D^0$-$\overline{D}{}^0$ mixing and search for indirect $CP$ violation using $D^0\to K_S^0\pi^+\pi^-$ decays},
  author = {Peng, T. and Zhang, Z. P. and Abdesselam, A. and Adachi, I. and Aihara, H. and Arinstein, K. 
            and Asner, D. M. and Aulchenko, V. and Aushev, T. and Ayad, R. and Bakich, A. M. and Bala, A. 
            and {etal}},
  collaboration = {Belle Collaboration},
  journal = {Phys. Rev. D},
  volume = {89},
  issue = {9},
  pages = {091103},
  numpages = {8},
  year = {2014},
  month = {May},
  publisher = {American Physical Society},
  doi = {10.1103/PhysRevD.89.091103},
  url = {http://link.aps.org/doi/10.1103/PhysRevD.89.091103},
  language = {english}
}

@COMMENT{Aaij2016}
@Article{lhcb_dkspp_mixing,
  author = {Aaij, R. and Abell{\'a}n Beteta, C. and Adeva, B. and Adinolfi, M. and Affolder, A. and Ajaltouni, Z.
          and Akar, S. and Albrecht, J. and Alessio, F. and Alexander, M. and Ali, S. and Alkhazov, G. 
          and {etal}},
  title = {Model-independent measurement of mixing parameters in $D^0\to K_S^0\pi^+\pi^-$ decays},
  journal = {Journal of High Energy Physics},
  year = {2016},
  volume = {2016},
  number = {4},
  pages = {1 -- 26},
  issn = {1029-8479},
  doi = {10.1007/JHEP04(2016)033},
  url = {http://dx.doi.org/10.1007/JHEP04(2016)033},
  language = {english}
}

@COMMENT{PhysRevLett.105.081803}
@article{babar_dkspp_mixing,
  title = {Measurement of $D^0$-$\overline{D}{}^0$ Mixing Parameters Using $D^0\to K_S^0\pi^+\pi^-$ and $D^0\to K_S^0K^+K^-$ Decays},
  author = {del Amo Sanchez, P. and Lees, J. P. and Poireau, V. and Prencipe, E. and Tisserand, V. 
            and Garra Tico, J. and Grauges, E. and Martinelli, M. and Palano, A. and Pappagallo, M. 
            and {etal}},
  collaboration = {BABAR Collaboration},
  journal = {Phys. Rev. Lett.},
  volume = {105},
  issue = {8},
  pages = {081803},
  numpages = {7},
  year = {2010},
  month = {Aug},
  publisher = {American Physical Society},
  doi = {10.1103/PhysRevLett.105.081803},
  url = {http://link.aps.org/doi/10.1103/PhysRevLett.105.081803},
  language = {english}
}

@COMMENT{PhysRevLett.98.211802}
@article{babar_charm_mixing_observation,
  title = {Evidence for $D^0$-$\overline{D}{}^0$ Mixing},
  author = {Aubert, B. and Bona, M. and Boutigny, D. and Karyotakis, Y. and Lees, J. P. 
            and Poireau, V. and Prudent, X. and Tisserand, V. and Zghiche, A. 
            and {etal}},
  collaboration = {BABAR Collaboration},
  journal = {Phys. Rev. Lett.},
  volume = {98},
  issue = {21},
  pages = {211802},
  numpages = {7},
  year = {2007},
  month = {May},
  publisher = {American Physical Society},
  doi = {10.1103/PhysRevLett.98.211802},
  url = {http://link.aps.org/doi/10.1103/PhysRevLett.98.211802},
  language = {english}
}

@COMMENT{PhysRevLett.98.211803}
@article{belle_charm_mixing_observation,
  title = {Evidence for $D^0$-$\overline{D}{}^0$ Mixing},
  author = {Stari\v{c}, M. and Golob, B. and Abe, K. 
            and Abe, K. and Adachi, I. and Aihara, H. and Arinstein, K. and Aushev, T. 
            and {etal}},
  collaboration = {Belle Collaboration},
  journal = {Phys. Rev. Lett.},
  volume = {98},
  issue = {21},
  pages = {211803},
  numpages = {6},
  year = {2007},
  month = {May},
  publisher = {American Physical Society},
  doi = {10.1103/PhysRevLett.98.211803},
  url = {http://link.aps.org/doi/10.1103/PhysRevLett.98.211803},
  language = {english}
}

@COMMENT{PhysRevD.2.1285}
@article{gim,
  title = {Weak Interactions with Lepton-Hadron Symmetry},
  author = {Glashow, S. L. and Iliopoulos, J. and Maiani, L.},
  journal = {Phys. Rev. D},
  volume = {2},
  issue = {7},
  pages = {1285--1292},
  numpages = {0},
  year = {1970},
  month = {Oct},
  publisher = {American Physical Society},
  doi = {10.1103/PhysRevD.2.1285},
  url = {http://link.aps.org/doi/10.1103/PhysRevD.2.1285},
  language = {english}
}

@inproceedings{Nierste:2012qp,
  author = {Nierste, Ulrich},
  title = {B Mixing in the Standard Model and Beyond},
  booktitle = {7th International Workshop on the CKM Unitarity Triangle (CKM 2012) Cincinnati, Ohio, USA, September 28-October 2, 2012},
  url = {http://inspirehep.net/record/1208705/files/arXiv:1212.5805.pdf},
  year = {2012},
  eprint = {1212.5805},
  archivePrefix = {arXiv},
  primaryClass = {hep-ph},
  reportNumber = {TTP12-051},
  SLACcitation = {%%CITATION = ARXIV:1212.5805;%%},
  language = {english}
}

@COMMENT{ALBRECHT1987245}
@article{argus-bmix,
  title = {Observation of $B^0$-$\overline{B}{}^0$ mixing},
  journal = {Physics Letters B},
  volume = {192},
  number = {1},
  pages = {245 -- 252},
  year = {1987},
  issn = {0370-2693},
  doi = {10.1016/0370-2693(87)91177-4},
  url = {http://www.sciencedirect.com/science/article/pii/0370269387911774},
  author = {H. Albrecht and A.A. Andam and U. Binder and P. Bockmann and R. Glaser and G. Harder and A. Nippe 
            and M. Schafer and W. Schmidt-Parzefall and H. Schroder and H.D. Schulz and R. Wurth and A. Yagil 
            and {etal}},
  language = {english}
}

@COMMENT{PhysRevD.68.033003}
@article{ads_multibody,
  title = {Role of a charm factory in extracting CKM-phase information via $B\to DK$},
  author = {Atwood, David and Soni, Amarjit},
  journal = {Phys. Rev. D},
  volume = {68},
  issue = {3},
  pages = {033003},
  numpages = {9},
  year = {2003},
  month = {Aug},
  publisher = {American Physical Society},
  doi = {10.1103/PhysRevD.68.033003},
  url = {http://link.aps.org/doi/10.1103/PhysRevD.68.033003},
  language = {english}
}

@COMMENT{PhysRevD.23.1567}
@article{CarterSanda,
  title = {$CP$ violation in $B$-meson decays},
  author = {Carter, Ashton B. and Sanda, A. I.},
  journal = {Phys. Rev. D},
  volume = {23},
  issue = {7},
  pages = {1567--1579},
  numpages = {0},
  year = {1981},
  month = {Apr},
  publisher = {American Physical Society},
  doi = {10.1103/PhysRevD.23.1567},
  url = {http://link.aps.org/doi/10.1103/PhysRevD.23.1567},
  language = {english}
}

@article{BigiSanda,
  title = {Notes on the observability of $CP$ violations in $B$ decays},
  author = {Bigi, I. I. and Sanda, A. I.},
  journal = {Nucl. Phys. B},
  volume = {193},
  pages = {85--108},
  year = {1981},
  month = {Jun},
  language = {english}
}

@article{PhysRevD.56.7259,
  title = {Removing discrete ambiguities in $CP$ asymmetry measurements},
  author = {Grossman, Yuval and Quinn, Helen R.},
  journal = {Phys. Rev. D},
  volume = {56},
  issue = {11},
  pages = {7259--7266},
  numpages = {0},
  year = {1997},
  month = {Dec},
  publisher = {American Physical Society},
  doi = {10.1103/PhysRevD.56.7259},
  url = {http://link.aps.org/doi/10.1103/PhysRevD.56.7259},
  language = {english}
}

@article{PhysRevD.61.116012,
  title = {$B$-decay $CP$ asymmetries, discrete ambiguities, and new physics},
  author = {Kayser, Boris and London, David},
  journal = {Phys. Rev. D},
  volume = {61},
  issue = {11},
  pages = {116012},
  numpages = {15},
  year = {2000},
  month = {May},
  publisher = {American Physical Society},
  doi = {10.1103/PhysRevD.61.116012},
  url = {http://link.aps.org/doi/10.1103/PhysRevD.61.116012},
  language = {english}
}

@article{Charles1998375,
  title = {$B_d^0(t)\to DPP$ time-dependent Dalitz plots, CP-violating angles $2\beta$, $2\beta+\gamma$, and discrete ambiguities},
  journal = {Physics Letters B},
  volume = {425},
  number = {3--4},
  pages = {375--387},
  year = {1998},
  issn = {0370-2693},
  doi = {10.1016/S0370-2693(98)00250-0},
  url = {http://www.sciencedirect.com/science/article/pii/S0370269398002500},
  author = {J Charles and A Le Yaouanc and L Oliver and O Pène and J.-C Raynal},
  language = {english}
}

@article{Bondar2006,
  author = {Bondar, A. and Poluektov, A.},
  title = {Feasibility study of model-independent approach to $\phi_3$ measurement using Dalitz plot analysis},
  journal = {The European Physical Journal C - Particles and Fields},
  year = {2006},
  volume = {47},
  number = {2},
  pages = {347--353},
  issn = {1434-6052},
  doi = {10.1140/epjc/s2006-02590-x},
  url = {http://dx.doi.org/10.1140/epjc/s2006-02590-x},
  language = {english}
}

@article{Bondar2008,
  author = {Bondar, A. and Poluektov, A.},
  title = {The use of quantum-correlated $D^0$ decays for $\phi_3$ measurement},
  journal = {The European Physical Journal C},
  year = {2008},
  volume = {55},
  number = {1},
  pages = {51--56},
  issn = {1434-6052},
  doi = {10.1140/epjc/s10052-008-0600-z},
  url = {http://dx.doi.org/10.1140/epjc/s10052-008-0600-z},
  language = {english}
}

@COMMENT{PhysRevD.80.072001}
@article{cleo_charm_crossection,
  title = {Measurement of charm production cross sections in $e^+e^-$ annihilation at energies between $3.97$ and $4.26$ GeV},
  author = {Cronin-Hennessy, D. and Gao, K. Y. and Hietala, J. and Kubota, Y. and Klein, T. and Lang, B. W. 
            and Poling, R. and Scott, A. W. and Zweber, P. and Dobbs, S. and Metreveli, Z. and Seth, K. K. 
            and {etal}},
  collaboration = {CLEO Collaboration},
  journal = {Phys. Rev. D},
  volume = {80},
  issue = {7},
  pages = {072001},
  numpages = {12},
  year = {2009},
  month = {Oct},
  publisher = {American Physical Society},
  doi = {10.1103/PhysRevD.80.072001},
  url = {http://link.aps.org/doi/10.1103/PhysRevD.80.072001},
  language = {english}
}

@COMMENT{PhysRevD.70.091101}
@article{cleo_kspp_cpv,
  title = {Search for $CP$ violation in $D^0\to K_S^0\pi^+\pi^-$},
  author = {Asner, D. M. and Nelson, H. N. and Briere, R. A. and Chen, G. P. and Ferguson, T. and Tatishvili, G. 
            and Vogel, H. and Adam, N. E. and Alexander, J. P. and Berkelman, K. and Boisvert, V. and Cassel, D. G. 
            and {etal}},
  collaboration = {CLEO Collaboration},
  journal = {Phys. Rev. D},
  volume = {70},
  issue = {9},
  pages = {091101},
  numpages = {8},
  year = {2004},
  month = {Nov},
  publisher = {American Physical Society},
  doi = {10.1103/PhysRevD.70.091101},
  url = {http://link.aps.org/doi/10.1103/PhysRevD.70.091101},
  language = {english}
}

@COMMENT{PhysRevD.86.032007}
@article{cdf_kspp_cpv,
  title = {Measurement of $CP$-violation asymmetries in $D^0\to K_S^0\pi^+\pi^-$},
  author = {Aaltonen, T. and \'Alvarez Gonz\'alez, B. and Amerio, S. and Amidei, D. and Anastassov, A. and Annovi, A. 
            and Antos, J. and Apollinari, G. and Appel, J. A. and Arisawa, T. and Artikov, A. and Asaadi, J. 
            and {etal}},
  collaboration = {CDF Collaboration},
  journal = {Phys. Rev. D},
  volume = {86},
  issue = {3},
  pages = {032007},
  numpages = {15},
  year = {2012},
  month = {Aug},
  publisher = {American Physical Society},
  doi = {10.1103/PhysRevD.86.032007},
  url = {http://link.aps.org/doi/10.1103/PhysRevD.86.032007},
  language = {english}
}

@COMMENT{Ablikim2010345}
@article{besiii,
  title = {Design and construction of the $BESIII$ detector},
  journal = {Nuclear Instruments and Methods A},
  volume = {614},
  number = {3},
  pages = {345--399},
  year = {2010},
  issn = {0168-9002},
  doi = {10.1016/j.nima.2009.12.050},
  url = {http://www.sciencedirect.com/science/article/pii/S0168900209023870},
  author = {M. Ablikim and Z.H. An and J.Z. Bai and Niklaus Berger and J.M. Bian and X. Cai and G.F. Cao 
            and X.X. Cao and J.F. Chang and C. Chen and G. Chen and H.C. Chen and H.X. Chen and J. Chen 
            and {etal}},
  keywords = {BESIII detector},
  keywords = {Tau-charm experiment},
  keywords = {BEPCII collider},
  language = {english}
}

@COMMENT{0954-3899-36-2-025006}
@article{gershon_bdpp,
  author = {Thomas Latham and Tim Gershon},
  title = {A method of measuring $\cos(2\beta)$ using a time-dependent dalitz plot analysis of $B^0\to D_{CP}\pi^+\pi^-$},
  journal = {Journal of Physics G: Nuclear and Particle Physics},
  volume = {36},
  number = {2},
  pages = {025006},
  url = {http://stacks.iop.org/0954-3899/36/i=2/a=025006},
  year = {2009},
  language = {english}
}

@COMMENT{PhysRevD.76.012006}
@article{kuzmin_model,
  title = {Study of $\overline{B}{}^0\to D^0\pi^+\pi^-$ decays},
  author = {Kuzmin, A. and Abe, K. and Adachi, I. and Aihara, H. and Anipko, D. and Arinstein, K. and Aulchenko, V. 
            and Aushev, T. and Bahinipati, S. and Bakich, A. M. and Balagura, V. and Barberio, E. and Barbero, M. 
            and {etal}},
  collaboration = {Belle Collaboration},
  journal = {Phys. Rev. D},
  volume = {76},
  issue = {1},
  pages = {012006},
  numpages = {11},
  year = {2007},
  month = {Jul},
  publisher = {American Physical Society},
  doi = {10.1103/PhysRevD.76.012006},
  url = {http://link.aps.org/doi/10.1103/PhysRevD.76.012006},
  language = {english}
}

@COMMENT{PhysRevD.92.032002}
@article{lhcb_bdpp,
  title = {Dalitz plot analysis of $B^0\to \overline{D}{}^0\pi^+\pi^-$ decays},
  author = {Aaij, R. and Adeva, B. and Adinolfi, M. and Affolder, A. and Ajaltouni, Z. and Akar, S. and Albrecht, J. 
            and Alessio, F. and Alexander, M. and Ali, S. and Alkhazov, G. and Alvarez Cartelle, P. and Alves, A. A. 
            and {etal}},
  collaboration = {LHCb Collaboration},
  journal = {Phys. Rev. D},
  volume = {92},
  issue = {3},
  pages = {032002},
  numpages = {40},
  year = {2015},
  month = {Aug},
  publisher = {American Physical Society},
  doi = {10.1103/PhysRevD.92.032002},
  url = {http://link.aps.org/doi/10.1103/PhysRevD.92.032002},
  language = {english}
}

@article{Aaij2013318,
  title = {Measurement of the $B^0$-$\overline{B}{}^0$ oscillation frequency $\Delta m_d$ with the decays $B^0\to D^-\pi^+$ and $B^0\to J/\psi K^{*0}$},
  journal = {Physics Letters B},
  volume = {719},
  number = {4--5},
  pages = {318--325},
  year = {2013},
  issn = {0370-2693},
  doi = {10.1016/j.physletb.2013.01.019},
  url = {http://www.sciencedirect.com/science/article/pii/S0370269313000440},
  author = {R. Aaij and C. Abellan Beteta and A. Adametz and B. Adeva and M. Adinolfi and C. Adrover and A. Affolder 
            and Z. Ajaltouni and J. Albrecht and F. Alessio and M. Alexander and S. Ali and G. Alkhazov 
            and {etal}},
  language = {english}
}

@article{PhysRevD.74.112002,
  title = {Measurement of $B_d$ mixing using opposite-side flavor tagging},
  author = {Abazov, V. M. and Abbott, B. and Abolins, M. and Acharya, B. S. and Adams, M. and Adams, T. 
            and Agelou, M. and Aguilo, E. and Ahn, S. H. and Ahsan, M. and Alexeev, G. D. and Alkhazov, G. 
            and {etal}},
  collaboration = {D0 Collaboration},
  journal = {Phys. Rev. D},
  volume = {74},
  issue = {11},
  pages = {112002},
  numpages = {19},
  year = {2006},
  month = {Dec},
  publisher = {American Physical Society},
  doi = {10.1103/PhysRevD.74.112002},
  url = {http://link.aps.org/doi/10.1103/PhysRevD.74.112002},
  language = {english}
}

@article{PhysRevD.73.012004,
  title = {Measurement of the $\overline{B}{}^0$ lifetime and the $B^0\overline{B}{}^0$ oscillation frequency using partially reconstructed $\overline{B}{}^0\to D^{*+}\ell^-\overline{\nu}{}_{\ell}$ decays},
  author = {Aubert, B. and Barate, R. and Boutigny, D. and Couderc, F. and Karyotakis, Y. and Lees, J. P. 
            and Poireau, V. and Tisserand, V. and Zghiche, A. and Grauges, E. and Palano, A. and Pappagallo, M. 
            and {etal}},
  collaboration = {BABAR Collaboration},
  journal = {Phys. Rev. D},
  volume = {73},
  issue = {1},
  pages = {012004},
  numpages = {15},
  year = {2006},
  month = {Jan},
  publisher = {American Physical Society},
  doi = {10.1103/PhysRevD.73.012004},
  url = {http://link.aps.org/doi/10.1103/PhysRevD.73.012004},
  language = {english}
}

@article{al.2003,
  author = {J.Abdallah, J. and Abreu, P. and Adam, W. and Adzic, P. and Albrecht, T. and Alderweireld, T. and {etal}},
  title = {Search for $B^0_s$-$\overline{B}{}^0_s$ oscillations and a measurement of $B^0_d$-$\overline{B}{}^0_d$ oscillations using events with an inclusively reconstructed vertex},
  journal = {The European Physical Journal C - Particles and Fields},
  year = {2003},
  volume = {28},
  number = {2},
  pages = {155--173},
  issn = {1434-6052},
  doi = {10.1140/epjc/s2003-01183-7},
  url = {http://dx.doi.org/10.1140/epjc/s2003-01183-7},
  language = {english}
}

@article{Abbiendi2000266,
  title = {Measurement of the $B^0$ lifetime and oscillation frequency using $\overline{B}{}^0\to D^{*+}\ell^-\overline{\nu}$ decays},
  journal = {Physics Letters B},
  volume = {493},
  number = {3--4},
  pages = {266--280},
  year = {2000},
  issn = {0370-2693},
  doi = {10.1016/S0370-2693(00)01145-X},
  url = {http://www.sciencedirect.com/science/article/pii/S037026930001145X},
  author = {G. Abbiendi and K. Ackerstaff and C. Ainsley and P.F. Åkesson and G. Alexander and J. Allison 
            and K.J. Anderson and S. Arcelli and S. Asai and S.F. Ashby and D. Axen and G. Azuelos 
            and {etal}},
  language = {english}
}

@article{PhysRevLett.62.2233,
  title = {$B^0$-$\overline{B}^0$ mixing at the $\Upsilon(4S)$},
  author = {Artuso, M. and Bebek, C. and Berkelman, K. and Blucher, E. and Byrd, J. and Cassel, D. G. 
            and Cheu, E. and Coffman, D. M. and Copie, T. and Crawford, G. and DeSalvo, R. and DeWire, J. W. 
            and {etal}},
  journal = {Phys. Rev. Lett.},
  volume = {62},
  issue = {19},
  pages = {2233--2236},
  numpages = {0},
  year = {1989},
  month = {May},
  publisher = {American Physical Society},
  doi = {10.1103/PhysRevLett.62.2233},
  url = {http://link.aps.org/doi/10.1103/PhysRevLett.62.2233},
  language = {english}
}

@article{PhysRevD.60.072003,
  title = {Measurement of $B^0$-$\overline{B}{}^0$ flavor oscillations using jet-charge and lepton flavor tagging in $p\overline{p}$ collisions at $\sqrt{s}=1.8 \mathrm{TeV}$},
  author = {Abe, F. and Akimoto, H. and Akopian, A. and Albrow, M. G. and Amendolia, S. R. and Amidei, D. 
            and Antos, J. and Aota, S. and Apollinari, G. and Arisawa, T. and Asakawa, T. and Ashmanskas, W. 
            and {etal}},
  collaboration = {CDF Collaboration},
  journal = {Phys. Rev. D},
  volume = {60},
  issue = {7},
  pages = {072003},
  numpages = {22},
  year = {1999},
  month = {Sep},
  publisher = {American Physical Society},
  doi = {10.1103/PhysRevD.60.072003},
  url = {http://link.aps.org/doi/10.1103/PhysRevD.60.072003},
  language = {english}
}

@article{dmd-aleph,
  title = {Improved measurement of the $B_d^0$-$\overline{B}_d{}^{0}$ oscillation frequency},
  author = {Buskulic, D. and {etal}},
  journal = {Zeitschrift f{\"u}r Physik C Particles and Fields},
  year = {1997},
  volume = {75},
  number = {3},
  pages = {397--407},
  issn = {1431-5858},
  doi = {10.1007/s002880050483},
  url = {http://dx.doi.org/10.1007/s002880050483},
  language = {english}
}

@article{Acciarrietal.1998,
  author = {Acciarri, M. and {atal}},
  title = {Measurement of the $B^0_d$-$\overline{B}{}^0_d$ oscillation frequency},
  journal = {The European Physical Journal C - Particles and Fields},
  year = {1998},
  volume = {5},
  number = {2},
  pages = {195--203},
  issn = {1434-6052},
  doi = {10.1007/s100529800901},
  url = {http://dx.doi.org/10.1007/s100529800901},
  language = {english}
}

@COMMENT{Lange2001152}
@article{evtgen,
  title = {The EvtGen particle decay simulation package},
  journal = {Nuclear Instruments and Methods A},
  volume = {462},
  number = {1--2},
  pages = {152--155},
  year = {2001},
  note = {BEAUTY2000, Proceedings of the 7th Int. Conf. on B-Physics at Hadron Machines},
  issn = {0168-9002},
  doi = {10.1016/S0168-9002(01)00089-4},
  url = {http://www.sciencedirect.com/science/article/pii/S0168900201000894},
  author = {David J. Lange},
  keywords = {Monte Carlo},
  keywords = {Event generator},
  language = {english}
}

@COMMENT{BARBERIO1991115}
@article{photos1,
  title = {Photos --- a universal Monte Carlo for QED radiative corrections in decays},
  journal = {Computer Physics Communications},
  volume = {66},
  number = {1},
  pages = {115--128},
  year = {1991},
  issn = {0010-4655},
  doi = {10.1016/0010-4655(91)90012-A},
  url = {http://www.sciencedirect.com/science/article/pii/001046559190012A},
  author = {Elisabetta Barberio and Bob van Eijk and Zbigniew Wa̧s},
  language = {english}
}

@COMMENT{BARBERIO1994291}
@article{photos2,
  title = {PHOTOS --- a universal Monte Carlo for QED radiative corrections: version 2.0},
  journal = {Computer Physics Communications},
  volume = {79},
  number = {2},
  pages = {291--308},
  year = {1994},
  issn = {0010-4655},
  doi = {10.1016/0010-4655(94)90074-4},
  url = {http://www.sciencedirect.com/science/article/pii/0010465594900744},
  author = {Elisabetta Barberio and Zbigniew Was},
  language = {english}
}

@COMMENT{SJOSTRAND199474}
@article{pythia,
  title = {High-energy-physics event generation with PYTHIA 5.7 and JETSET 7.4},
  journal = {Computer Physics Communications},
  volume = {82},
  number = {1},
  pages = {74--89},
  year = {1994},
  issn = {0010-4655},
  doi = {10.1016/0010-4655(94)90132-5},
  url = {http://www.sciencedirect.com/science/article/pii/0010465594901325},
  author = {Torbj{\"o}rn Sj{\"o}strand},
  language = {english}
}

@COMMENT{Agostinelli2003250}
@article{geant,
  title = {Geant4 --- a simulation toolkit},
  journal = {Nuclear Instruments and Methods A},
  volume = {506},
  number = {3},
  pages = {250--303},
  year = {2003},
  issn = {0168-9002},
  doi = {10.1016/S0168-9002(03)01368-8},
  url = {http://www.sciencedirect.com/science/article/pii/S0168900203013688},
  author = {S. Agostinelli and J. Allison and K. Amako and J. Apostolakis and H. Araujo and P. Arce and M. Asai 
            and D. Axen and S. Banerjee and G. Barrand and F. Behner and L. Bellagamba and J. Boudreau 
            and {etal}},
  keywords = {Simulation},
  keywords = {Particle interactions},
  keywords = {Geometrical modelling},
  keywords = {Software engineering},
  keywords = {Object-oriented technology},
  keywords = {Distributed software development},
  language = {english}
}

@COMMENT{FREUND1997119}
@article{adaboost,
  title = {A Decision-Theoretic Generalization of On-Line Learning and an Application to Boosting},
  journal = {Journal of Computer and System Sciences},
  volume = {55},
  number = {1},
  pages = {119--139},
  year = {1997},
  issn = {0022-0000},
  doi = {10.1006/jcss.1997.1504},
  url = {http://www.sciencedirect.com/science/article/pii/S002200009791504X},
  author = {Yoav Freund and Robert E Schapire},
  language = {english}
}

@COMMENT{Hocker:2007ht}
@article{tmva, 
  author = {Hoecker, Andreas and Speckmayer, Peter and Stelzer, Joerg and Therhaag, Jan and von Toerne, Eckhard and Voss, Helge},
  title = {TMVA: Toolkit for Multivariate Data Analysis},
  journal = {PoS},
  volume = {ACAT},
  year = {2007},
  pages = {040},
  eprint = {physics/0703039},
  archivePrefix = {arXiv},
  SLACcitation = {%%CITATION = PHYSICS/0703039;%%},
  language = {english}
}

@COMMENT{Verkerke:2003ir}
@article{roofit,
  author = {Verkerke, Wouter and Kirkby, David P.},
  title = {The RooFit toolkit for data modeling},
  booktitle = {Statistical Problems in Particle Physics, Astrophysics and Cosmology (PHYSTAT 05): Proceedings, Oxford, UK, September 12-15, 2005},
  journal = {eConf},
  volume = {C0303241},
  year = {2003},
  pages = {186},
  eprint = {physics/0306116},
  archivePrefix = {arXiv},
  primaryClass = {physics},
  reportNumber = {CHEP-2003-MOLT007},
  SLACcitation = {%%CITATION = PHYSICS/0306116;%%},
  language = {english}
}

@COMMENT{Murtagh1982}
@Inbook{minos,
  author = {Murtagh, Bruce A. and Saunders, Michael A.},
  editor = {Buckley, A. G. and Goffin, J.- L.},
  title = {A projected Lagrangian algorithm and its implementation for sparse nonlinear constraints},
  bookTitle = {Algorithms for Constrained Minimization of Smooth Nonlinear Functions},
  year = {1982},
  publisher = {Springer Berlin Heidelberg},
  address = {Berlin, Heidelberg},
  pages = {84--117},
  isbn = {978-3-642-00813-9},
  doi = {10.1007/BFb0120949},
  url = {10.1007/BFb0120949},
  language = {english}
}

@COMMENT{PhysRevD.55.196}
@article{xing,
  title = {$D^0$-$\overline{D}^0$ mixing and $\mathrm{CP}$ violation in neutral $D$-meson decays},
  author = {Xing, Zhi-Zhong},
  journal = {Phys. Rev. D},
  volume = {55},
  issue = {1},
  pages = {196--218},
  numpages = {0},
  year = {1997},
  month = {Jan},
  publisher = {American Physical Society},
  doi = {10.1103/PhysRevD.55.196},
  url = {http://link.aps.org/doi/10.1103/PhysRevD.55.196},
  language = {english}
}

@misc{ncurses,
  note = {MultiMedia LLC},
  title = {The ncurses (new curses) library},
  url = {https://www.gnu.org/software/ncurses/},
}

@COMMENT{Abe:2010gxa}
@article{belleIItdr,
  author = {Abe, T. and Adachi, I. and Adamczyk, K.  and Ahn, S. and Aihara, H. and Akai, K. and Aloi, M. 
            and Andricek, L. and Aoki, K. {etal}},
  title = {Belle II Technical Design Report},
  collaboration = {Belle-II},
  year = {2010},
  eprint = {1011.0352},
  archivePrefix = {arXiv},
  primaryClass = {physics.ins-det},
  reportNumber = {KEK-REPORT-2010-1},
  SLACcitation = {%%CITATION = ARXIV:1011.0352;%%},
  language = {english}
}

@article{superkekb,
  author = {Ohnishi, Y. and Abe, T. and  Adachi, T. and Akai, K. and Arimoto, Y. and Ebihara, K. and Egawa, K. 
            and Flanagan, J. and Fukuma, H. and Funakoshi, Y. and Furukawa, K. and Furuya, T. and Iida, N. 
            and {etal}},
  title = {Accelerator design at SuperKEKB},
  journal = {Prog. Theor. Exp. Phys.},
  collaboration = {Belle-II},
  year = {2013},
  month = {Mar},
  doi = {10.1093/ptep/pts083},
  pages = {03A011},
  language = {english}
}

@COMMENT{page1985re}
@misc{fpga1,
  title = {Re-programmable PLA},
  author = {Page, D.W. and Peterson, L.V.R.},
  url = {https://www.google.com/patents/US4508977},
  year = {1985},
  month = {apr # "~2"},
  publisher = {Google Patents},
  note = {US Patent 4,508,977},
  language = {english}
}

@COMMENT{page1985dynamic}
@misc{fpga2,
  title = {Dynamic data re-programmable PLA},
  author = {Page, D.W.},
  url = {https://www.google.com/patents/US4524430},
  year = {1985},
  month = {jun # "~18"},
  publisher = {Google Patents},
  note = {US Patent 4,524,430},
  language = {english}
}